[
  {
    "productName": "Casali Schokobananen",
    "category": "Sweets",
    "currentPrice": "2.47€",
    "oldPrice": "4.39€",
    "packageSize": "24 Stk.",
    "unitPrice": "N/A",
    "discount": "-43%",
    "availabilityDateRange": "24.10. - 25.10.2025",
    "productHash": "casali_schokobananen24_stksweets",
    "offerEndDate": "2025-10-29",
    "offerStartDate": "2025-10-24",
    "currentPriceNumeric": 2.47,
    "oldPriceNumeric": 4.39,
    "storeName": "BILLA"
  },
  {
    "productName": "Milka Schokolade",
    "category": "Sweets",
    "currentPrice": "0.99€",
    "oldPrice": "1.99€",
    "packageSize": "87 - 100 g",
    "unitPrice": "11.37/kg",
    "discount": "-50%",
    "availabilityDateRange": "24.10. - 25.10.2025",
    "productHash": "milka_schokolade87_100_gsweets",
    "offerEndDate": "2025-10-29",
    "offerStartDate": "2025-10-24",
    "currentPriceNumeric": 0.99,
    "oldPriceNumeric": 1.99,
    "storeName": "BILLA"
  },
  {
    "productName": "Heidelbeeren",
    "category": "Fruits",
    "currentPrice": "1.49€",
    "oldPrice": "2.35€",
    "packageSize": "125 g Tasse",
    "unitPrice": "11.92/kg",
    "discount": "-37%",
    "availabilityDateRange": "23.10. - 29.10.2025",
    "productHash": "heidelbeeren125_g_tassefruits",
    "offerEndDate": "2025-10-29",
    "offerStartDate": "2025-10-23",
    "currentPriceNumeric": 1.49,
    "oldPriceNumeric": 2.35,
    "storeName": "BILLA"
  },
  {
    "productName": "clever Schweinefilet",
    "category": "Meat & Poultry",
    "currentPrice": "6.69€",
    "oldPrice": "N/A",
    "packageSize": "per Kilo",
    "unitPrice": "6.69/kg",
    "discount": "N/A",
    "availabilityDateRange": "23.10. - 29.10.2025",
    "productHash": "clever_schweinefiletper_kilomeat_poultry",
    "offerEndDate": "2025-10-29",
    "offerStartDate": "2025-10-23",
    "currentPriceNumeric": 6.69,
    "oldPriceNumeric": null,
    "storeName": "BILLA"
  },
  {
    "productName": "Zwettler Export Lager",
    "category": "Beer",
    "currentPrice": "13.80€",
    "oldPrice": "23.60€",
    "packageSize": "1 Kiste + 20 Flaschen",
    "unitPrice": "1.38/liter",
    "discount": "-41%",
    "availabilityDateRange": "23.10. - 29.10.2025",
    "productHash": "zwettler_export_lager1_kiste_20_flaschenbeer",
    "offerEndDate": "2025-10-29",
    "offerStartDate": "2025-10-23",
    "currentPriceNumeric": 13.8,
    "oldPriceNumeric": 23.6,
    "storeName": "BILLA"
  },
  {
    "productName": "Lindt Excellence Schokolade",
    "category": "Sweets",
    "currentPrice": "2.24€",
    "oldPrice": "2.99€",
    "packageSize": "80 - 100 g",
    "unitPrice": "N/A",
    "discount": "25% off",
    "availabilityDateRange": "24.10. - 25.10.2025",
    "productHash": "lindt_excellence_schokolade80_100_gsweets",
    "offerEndDate": "2025-10-29",
    "offerStartDate": "2025-10-24",
    "currentPriceNumeric": 2.24,
    "oldPriceNumeric": 2.99,
    "storeName": "BILLA"
  },
  {
    "productName": "Kinder Überraschung",
    "category": "Sweets",
    "currentPrice": "2.24€",
    "oldPrice": "2.99€",
    "packageSize": "3 Stk., 60 g Packung",
    "unitPrice": "37.33/kg",
    "discount": "25% off",
    "availabilityDateRange": "23.10. - 29.10.2025",
    "productHash": "kinder_überraschung3_stk_60_g_packungsweets",
    "offerEndDate": "2025-10-29",
    "offerStartDate": "2025-10-23",
    "currentPriceNumeric": 2.24,
    "oldPriceNumeric": 2.99,
    "storeName": "BILLA"
  },
  {
    "productName": "Manner Schnittenkuchen",
    "category": "Baked Goods",
    "currentPrice": "2.77€",
    "oldPrice": "4.29€",
    "packageSize": "300 g - 400 g",
    "unitPrice": "N/A",
    "discount": "25% off",
    "availabilityDateRange": "24.10. - 25.10.2025",
    "productHash": "manner_schnittenkuchen300_g_400_gbaked_goods",
    "offerEndDate": "2025-10-29",
    "offerStartDate": "2025-10-24",
    "currentPriceNumeric": 2.77,
    "oldPriceNumeric": 4.29,
    "storeName": "BILLA"
  },
  {
    "productName": "Nömiz Schwedenbomben",
    "category": "Sweets",
    "currentPrice": "1.49€",
    "oldPrice": "2.79€",
    "packageSize": "200 g",
    "unitPrice": "N/A",
    "discount": "25% off",
    "availabilityDateRange": "24.10. - 25.10.2025",
    "productHash": "nömiz_schwedenbomben200_gsweets",
    "offerEndDate": "2025-10-29",
    "offerStartDate": "2025-10-24",
    "currentPriceNumeric": 1.49,
    "oldPriceNumeric": 2.79,
    "storeName": "BILLA"
  },
  {
    "productName": "Austria Mozartkugeln",
    "category": "Sweets",
    "currentPrice": "3.67€",
    "oldPrice": "5.69€",
    "packageSize": "14er/15er Pkg. 231 g - 264 g",
    "unitPrice": "N/A",
    "discount": "25% off",
    "availabilityDateRange": "24.10. - 25.10.2025",
    "productHash": "austria_mozartkugeln14er15er_pkg_231_g_264_gsweets",
    "offerEndDate": "2025-10-29",
    "offerStartDate": "2025-10-24",
    "currentPriceNumeric": 3.67,
    "oldPriceNumeric": 5.69,
    "storeName": "BILLA"
  },
  {
    "productName": "Ildefonso Bonbonniere",
    "category": "Sweets",
    "currentPrice": "5.17€",
    "oldPrice": "8.59€",
    "packageSize": "200 g",
    "unitPrice": "N/A",
    "discount": "25% off",
    "availabilityDateRange": "24.10. - 25.10.2025",
    "productHash": "ildefonso_bonbonniere200_gsweets",
    "offerEndDate": "2025-10-29",
    "offerStartDate": "2025-10-24",
    "currentPriceNumeric": 5.17,
    "oldPriceNumeric": 8.59,
    "storeName": "BILLA"
  },
  {
    "productName": "Speisekürbis Hokkaido",
    "category": "Vegetables",
    "currentPrice": "1.69€",
    "oldPrice": "1.99€",
    "packageSize": "per Kilo",
    "unitPrice": "1.69/kg",
    "discount": "-0.30€",
    "availabilityDateRange": "23.10. - 29.10.2025",
    "productHash": "speisekürbis_hokkaidoper_kilovegetables",
    "offerEndDate": "2025-10-29",
    "offerStartDate": "2025-10-23",
    "currentPriceNumeric": 1.69,
    "oldPriceNumeric": 1.99,
    "storeName": "BILLA"
  },
  {
    "productName": "Speisekürbis Butternuss",
    "category": "Vegetables",
    "currentPrice": "1.69€",
    "oldPrice": "1.99€",
    "packageSize": "per Kilo",
    "unitPrice": "1.69/kg",
    "discount": "-0.30€",
    "availabilityDateRange": "23.10. - 29.10.2025",
    "productHash": "speisekürbis_butternussper_kilovegetables",
    "offerEndDate": "2025-10-29",
    "offerStartDate": "2025-10-23",
    "currentPriceNumeric": 1.69,
    "oldPriceNumeric": 1.99,
    "storeName": "BILLA"
  },
  {
    "productName": "Simply Good Blattsalat",
    "category": "Vegetables",
    "currentPrice": "1.49€",
    "oldPrice": "1.99€",
    "packageSize": "125 g Packung",
    "unitPrice": "11.92/kg",
    "discount": "25%",
    "availabilityDateRange": "23.10. - 29.10.2025",
    "productHash": "simply_good_blattsalat125_g_packungvegetables",
    "offerEndDate": "2025-10-29",
    "offerStartDate": "2025-10-23",
    "currentPriceNumeric": 1.49,
    "oldPriceNumeric": 1.99,
    "storeName": "BILLA"
  },
  {
    "productName": "Ditta Laurer Erdäpfel festkochend",
    "category": "Vegetables",
    "currentPrice": "0.99€",
    "oldPrice": "1.59€",
    "packageSize": "Kl. 1 kg",
    "unitPrice": "0.99/kg",
    "discount": "37%",
    "availabilityDateRange": "23.10. - 29.10.2025",
    "productHash": "ditta_laurer_erdäpfel_festkochendkl_1_kgvegetables",
    "offerEndDate": "2025-10-29",
    "offerStartDate": "2025-10-23",
    "currentPriceNumeric": 0.99,
    "oldPriceNumeric": 1.59,
    "storeName": "BILLA"
  },
  {
    "productName": "Eissalat",
    "category": "Vegetables",
    "currentPrice": "1.19€",
    "oldPrice": "1.79€",
    "packageSize": "per Stück",
    "unitPrice": "N/A",
    "discount": "33%",
    "availabilityDateRange": "23.10. - 29.10.2025",
    "productHash": "eissalatper_stückvegetables",
    "offerEndDate": "2025-10-29",
    "offerStartDate": "2025-10-23",
    "currentPriceNumeric": 1.19,
    "oldPriceNumeric": 1.79,
    "storeName": "BILLA"
  },
  {
    "productName": "BILLA immer gut Kaki",
    "category": "Fruits",
    "currentPrice": "0.59€",
    "oldPrice": "0.99€",
    "packageSize": "per Stück",
    "unitPrice": "N/A",
    "discount": "40%",
    "availabilityDateRange": "23.10. - 29.10.2025",
    "productHash": "billa_immer_gut_kakiper_stückfruits",
    "offerEndDate": "2025-10-29",
    "offerStartDate": "2025-10-23",
    "currentPriceNumeric": 0.59,
    "oldPriceNumeric": 0.99,
    "storeName": "BILLA"
  },
  {
    "productName": "Karfiol",
    "category": "Vegetables",
    "currentPrice": "1.59€",
    "oldPrice": "2.49€",
    "packageSize": "Kl. I per Stück",
    "unitPrice": "N/A",
    "discount": "36%",
    "availabilityDateRange": "23.10. - 29.10.2025",
    "productHash": "karfiolkl_i_per_stückvegetables",
    "offerEndDate": "2025-10-29",
    "offerStartDate": "2025-10-23",
    "currentPriceNumeric": 1.59,
    "oldPriceNumeric": 2.49,
    "storeName": "BILLA"
  },
  {
    "productName": "SanLucar Zitronen",
    "category": "Fruits",
    "currentPrice": "0.66€",
    "oldPrice": "0.99€",
    "packageSize": "lose, per Stück",
    "unitPrice": "N/A",
    "discount": "2+1 Gratis",
    "availabilityDateRange": "23.10. - 29.10.2025",
    "productHash": "sanlucar_zitronenlose_per_stückfruits",
    "offerEndDate": "2025-10-29",
    "offerStartDate": "2025-10-23",
    "currentPriceNumeric": 0.66,
    "oldPriceNumeric": 0.99,
    "storeName": "BILLA"
  },
  {
    "productName": "Effin Rollheringe / Teufelroller",
    "category": "Fish & Seafood",
    "currentPrice": "3.79€",
    "oldPrice": "5.39€",
    "packageSize": "400 g (ATG 150-180g)",
    "unitPrice": "N/A",
    "discount": "29%",
    "availabilityDateRange": "23.10. - 29.10.2025",
    "productHash": "effin_rollheringe_teufelroller400_g_atg_150_180gfish_seafood",
    "offerEndDate": "2025-10-29",
    "offerStartDate": "2025-10-23",
    "currentPriceNumeric": 3.79,
    "oldPriceNumeric": 5.39,
    "storeName": "BILLA"
  },
  {
    "productName": "Hofstädter frisches Schweinsschnitzel",
    "category": "Meat & Poultry",
    "currentPrice": "4.99€",
    "oldPrice": "5.99€",
    "packageSize": "ca. 500 g",
    "unitPrice": "9.98/kg",
    "discount": "-1.00€",
    "availabilityDateRange": "23.10. - 29.10.2025",
    "productHash": "hofstädter_frisches_schweinsschnitzelca_500_gmeat_poultry",
    "offerEndDate": "2025-10-29",
    "offerStartDate": "2025-10-23",
    "currentPriceNumeric": 4.99,
    "oldPriceNumeric": 5.99,
    "storeName": "BILLA"
  },
  {
    "productName": "BILLA Isländischer Räucherlachs",
    "category": "Fish & Seafood",
    "currentPrice": "3.99€",
    "oldPrice": "7.99€",
    "packageSize": "100 g Packung",
    "unitPrice": "39.90/kg",
    "discount": "1+1 Gratis",
    "availabilityDateRange": "23.10. - 29.10.2025",
    "productHash": "billa_isländischer_räucherlachs100_g_packungfish_seafood",
    "offerEndDate": "2025-10-29",
    "offerStartDate": "2025-10-23",
    "currentPriceNumeric": 3.99,
    "oldPriceNumeric": 7.99,
    "storeName": "BILLA"
  },
  {
    "productName": "Hofstädter Hühnerkeulen",
    "category": "Meat & Poultry",
    "currentPrice": "9.99€",
    "oldPrice": "11.99€",
    "packageSize": "per Kilo",
    "unitPrice": "9.99/kg",
    "discount": "-2.00€",
    "availabilityDateRange": "23.10. - 29.10.2025",
    "productHash": "hofstädter_hühnerkeulenper_kilomeat_poultry",
    "offerEndDate": "2025-10-29",
    "offerStartDate": "2025-10-23",
    "currentPriceNumeric": 9.99,
    "oldPriceNumeric": 11.99,
    "storeName": "BILLA"
  },
  {
    "productName": "clever Ofen/Grill Lachs Kräuter",
    "category": "Fish & Seafood",
    "currentPrice": "4.49€",
    "oldPrice": "5.99€",
    "packageSize": "250 g",
    "unitPrice": "17.96/kg",
    "discount": "25%",
    "availabilityDateRange": "23.10. - 29.10.2025",
    "productHash": "clever_ofengrill_lachs_kräuter250_gfish_seafood",
    "offerEndDate": "2025-10-29",
    "offerStartDate": "2025-10-23",
    "currentPriceNumeric": 4.49,
    "oldPriceNumeric": 5.99,
    "storeName": "BILLA"
  },
  {
    "productName": "Hofstädter Hendl-Filet",
    "category": "Meat & Poultry",
    "currentPrice": "15.99€",
    "oldPrice": "19.99€",
    "packageSize": "per Kilo",
    "unitPrice": "15.99/kg",
    "discount": "-4.00€",
    "availabilityDateRange": "23.10. - 29.10.2025",
    "productHash": "hofstädter_hendl_filetper_kilomeat_poultry",
    "offerEndDate": "2025-10-29",
    "offerStartDate": "2025-10-23",
    "currentPriceNumeric": 15.99,
    "oldPriceNumeric": 19.99,
    "storeName": "BILLA"
  },
  {
    "productName": "clever Hühnerbrüste",
    "category": "Meat & Poultry",
    "currentPrice": "6.99€",
    "oldPrice": "N/A",
    "packageSize": "per Kilo",
    "unitPrice": "6.99/kg",
    "discount": "N/A",
    "availabilityDateRange": "23.10. - 29.10.2025",
    "productHash": "clever_hühnerbrüsteper_kilomeat_poultry",
    "offerEndDate": "2025-10-29",
    "offerStartDate": "2025-10-23",
    "currentPriceNumeric": 6.99,
    "oldPriceNumeric": null,
    "storeName": "BILLA"
  },
  {
    "productName": "Schweinskarree",
    "category": "Meat & Poultry",
    "currentPrice": "2.99€",
    "oldPrice": "4.03€",
    "packageSize": "in einer Jul, per Stück",
    "unitPrice": "N/A",
    "discount": "25%",
    "availabilityDateRange": "23.10. - 29.10.2025",
    "productHash": "schweinskarreein_einer_jul_per_stückmeat_poultry",
    "offerEndDate": "2025-10-29",
    "offerStartDate": "2025-10-23",
    "currentPriceNumeric": 2.99,
    "oldPriceNumeric": 4.03,
    "storeName": "BILLA"
  },
  {
    "productName": "Berger Backofen- oder Kräuterrollschinken",
    "category": "Processed Meat",
    "currentPrice": "1.89€",
    "oldPrice": "2.45€ - 2.79€",
    "packageSize": "per 100 g",
    "unitPrice": "18.90/kg",
    "discount": "bis zu -32%",
    "availabilityDateRange": "23.10. - 29.10.2025",
    "productHash": "berger_backofen_oder_kräuterrollschinkenper_100_gprocessed_m",
    "offerEndDate": "2025-10-29",
    "offerStartDate": "2025-10-23",
    "currentPriceNumeric": 1.89,
    "oldPriceNumeric": 2.45,
    "storeName": "BILLA"
  },
  {
    "productName": "Hofstädter Toastschinken",
    "category": "Processed Meat",
    "currentPrice": "1.49€",
    "oldPrice": "2.29€",
    "packageSize": "per 100 g",
    "unitPrice": "14.90/kg",
    "discount": "35%",
    "availabilityDateRange": "23.10. - 29.10.2025",
    "productHash": "hofstädter_toastschinkenper_100_gprocessed_meat",
    "offerEndDate": "2025-10-29",
    "offerStartDate": "2025-10-23",
    "currentPriceNumeric": 1.49,
    "oldPriceNumeric": 2.29,
    "storeName": "BILLA"
  },
  {
    "productName": "Hofstädter Heißgeräucherter Saumagen",
    "category": "Processed Meat",
    "currentPrice": "1.99€",
    "oldPrice": "2.79€",
    "packageSize": "per 100 g",
    "unitPrice": "19.90/kg",
    "discount": "28%",
    "availabilityDateRange": "23.10. - 29.10.2025",
    "productHash": "hofstädter_heißgeräucherter_saumagenper_100_gprocessed_meat",
    "offerEndDate": "2025-10-29",
    "offerStartDate": "2025-10-23",
    "currentPriceNumeric": 1.99,
    "oldPriceNumeric": 2.79,
    "storeName": "BILLA"
  },
  {
    "productName": "Staudinger Landjäger klassik",
    "category": "Processed Meat",
    "currentPrice": "1.69€",
    "oldPrice": "2.09€",
    "packageSize": "per 100 g",
    "unitPrice": "16.90/kg",
    "discount": "-0.40€",
    "availabilityDateRange": "23.10. - 29.10.2025",
    "productHash": "staudinger_landjäger_klassikper_100_gprocessed_meat",
    "offerEndDate": "2025-10-29",
    "offerStartDate": "2025-10-23",
    "currentPriceNumeric": 1.69,
    "oldPriceNumeric": 2.09,
    "storeName": "BILLA"
  },
  {
    "productName": "Berger Salanettis",
    "category": "Processed Meat",
    "currentPrice": "1.99€",
    "oldPrice": "2.79€",
    "packageSize": "90 g",
    "unitPrice": "22.11/kg",
    "discount": "28%",
    "availabilityDateRange": "23.10. - 29.10.2025",
    "productHash": "berger_salanettis90_gprocessed_meat",
    "offerEndDate": "2025-10-29",
    "offerStartDate": "2025-10-23",
    "currentPriceNumeric": 1.99,
    "oldPriceNumeric": 2.79,
    "storeName": "BILLA"
  },
  {
    "productName": "Wiesbauer Bergsteiger",
    "category": "Processed Meat",
    "currentPrice": "1.99€",
    "oldPrice": "N/A",
    "packageSize": "80 g",
    "unitPrice": "24.88/kg",
    "discount": "2+1 Gratis",
    "availabilityDateRange": "23.10. - 29.10.2025",
    "productHash": "wiesbauer_bergsteiger80_gprocessed_meat",
    "offerEndDate": "2025-10-29",
    "offerStartDate": "2025-10-23",
    "currentPriceNumeric": 1.99,
    "oldPriceNumeric": null,
    "storeName": "BILLA"
  },
  {
    "productName": "Wiesbauer Geräucherte, gebraten, polnische Spezial",
    "category": "Processed Meat",
    "currentPrice": "1.99€",
    "oldPrice": "N/A",
    "packageSize": "100 g",
    "unitPrice": "19.90/kg",
    "discount": "N/A",
    "availabilityDateRange": "23.10. - 29.10.2025",
    "productHash": "wiesbauer_geräucherte_gebraten_polnische_spezial100_gprocess",
    "offerEndDate": "2025-10-29",
    "offerStartDate": "2025-10-23",
    "currentPriceNumeric": 1.99,
    "oldPriceNumeric": null,
    "storeName": "BILLA"
  },
  {
    "productName": "Radatz Feine Extra",
    "category": "Processed Meat",
    "currentPrice": "3.99€",
    "oldPrice": "N/A",
    "packageSize": "1.000 g Stange",
    "unitPrice": "3.99/kg",
    "discount": "N/A",
    "availabilityDateRange": "23.10. - 29.10.2025",
    "productHash": "radatz_feine_extra1000_g_stangeprocessed_meat",
    "offerEndDate": "2025-10-29",
    "offerStartDate": "2025-10-23",
    "currentPriceNumeric": 3.99,
    "oldPriceNumeric": null,
    "storeName": "BILLA"
  },
  {
    "productName": "Radatz Bauernschinken",
    "category": "Processed Meat",
    "currentPrice": "2.99€",
    "oldPrice": "4.39€",
    "packageSize": "div. Sorten, 100 g",
    "unitPrice": "29.90/kg",
    "discount": "31%",
    "availabilityDateRange": "23.10. - 29.10.2025",
    "productHash": "radatz_bauernschinkendiv_sorten_100_gprocessed_meat",
    "offerEndDate": "2025-10-29",
    "offerStartDate": "2025-10-23",
    "currentPriceNumeric": 2.99,
    "oldPriceNumeric": 4.39,
    "storeName": "BILLA"
  },
  {
    "productName": "Schärdinger Jausenkäse",
    "category": "Cheese",
    "currentPrice": "1.59€",
    "oldPrice": "2.45€",
    "packageSize": "div. Sorten, 100 g",
    "unitPrice": "15.90/kg",
    "discount": "35%",
    "availabilityDateRange": "23.10. - 29.10.2025",
    "productHash": "schärdinger_jausenkäsediv_sorten_100_gcheese",
    "offerEndDate": "2025-10-29",
    "offerStartDate": "2025-10-23",
    "currentPriceNumeric": 1.59,
    "oldPriceNumeric": 2.45,
    "storeName": "BILLA"
  },
  {
    "productName": "Schärdinger Rahm-Emmentaler",
    "category": "Cheese",
    "currentPrice": "1.99€",
    "oldPrice": "2.75€",
    "packageSize": "100 g - 150 g",
    "unitPrice": "N/A",
    "discount": "28%",
    "availabilityDateRange": "23.10. - 29.10.2025",
    "productHash": "schärdinger_rahm_emmentaler100_g_150_gcheese",
    "offerEndDate": "2025-10-29",
    "offerStartDate": "2025-10-23",
    "currentPriceNumeric": 1.99,
    "oldPriceNumeric": 2.75,
    "storeName": "BILLA"
  },
  {
    "productName": "BILLA & BILLA PLUS Heumilch Käse",
    "category": "Cheese",
    "currentPrice": "1.99€",
    "oldPrice": "2.79€",
    "packageSize": "100 g - 130 g",
    "unitPrice": "N/A",
    "discount": "-1.20€",
    "availabilityDateRange": "23.10. - 29.10.2025",
    "productHash": "billa_billa_plus_heumilch_käse100_g_130_gcheese",
    "offerEndDate": "2025-10-29",
    "offerStartDate": "2025-10-23",
    "currentPriceNumeric": 1.99,
    "oldPriceNumeric": 2.79,
    "storeName": "BILLA"
  },
  {
    "productName": "Mini-Babybel",
    "category": "Cheese",
    "currentPrice": "1.99€",
    "oldPrice": "2.58€",
    "packageSize": "5 x 20 g (100 g)",
    "unitPrice": "19.90/kg",
    "discount": "-1.20€",
    "availabilityDateRange": "23.10. - 29.10.2025",
    "productHash": "mini_babybel5_x_20_g_100_gcheese",
    "offerEndDate": "2025-10-29",
    "offerStartDate": "2025-10-23",
    "currentPriceNumeric": 1.99,
    "oldPriceNumeric": 2.58,
    "storeName": "BILLA"
  },
  {
    "productName": "Brunch Kräuter",
    "category": "Dairy",
    "currentPrice": "1.89€",
    "oldPrice": "2.69€",
    "packageSize": "185 g",
    "unitPrice": "10.22/kg",
    "discount": "29%",
    "availabilityDateRange": "23.10. - 29.10.2025",
    "productHash": "brunch_kräuter185_gdairy",
    "offerEndDate": "2025-10-29",
    "offerStartDate": "2025-10-23",
    "currentPriceNumeric": 1.89,
    "oldPriceNumeric": 2.69,
    "storeName": "BILLA"
  },
  {
    "productName": "Rougette Ofenkäse",
    "category": "Cheese",
    "currentPrice": "4.39€",
    "oldPrice": "6.49€",
    "packageSize": "div. Sorten, 320 g",
    "unitPrice": "13.72/kg",
    "discount": "32%",
    "availabilityDateRange": "23.10. - 29.10.2025",
    "productHash": "rougette_ofenkäsediv_sorten_320_gcheese",
    "offerEndDate": "2025-10-29",
    "offerStartDate": "2025-10-23",
    "currentPriceNumeric": 4.39,
    "oldPriceNumeric": 6.49,
    "storeName": "BILLA"
  },
  {
    "productName": "Schärdinger Mozzarella",
    "category": "Dairy",
    "currentPrice": "1.79€",
    "oldPrice": "2.59€",
    "packageSize": "125 g",
    "unitPrice": "14.32/kg",
    "discount": "30%",
    "availabilityDateRange": "23.10. - 29.10.2025",
    "productHash": "schärdinger_mozzarella125_gdairy",
    "offerEndDate": "2025-10-29",
    "offerStartDate": "2025-10-23",
    "currentPriceNumeric": 1.79,
    "oldPriceNumeric": 2.59,
    "storeName": "BILLA"
  },
  {
    "productName": "Saint Albray",
    "category": "Cheese",
    "currentPrice": "2.99€",
    "oldPrice": "3.99€",
    "packageSize": "200 g",
    "unitPrice": "14.95/kg",
    "discount": "25%",
    "availabilityDateRange": "23.10. - 29.10.2025",
    "productHash": "saint_albray200_gcheese",
    "offerEndDate": "2025-10-29",
    "offerStartDate": "2025-10-23",
    "currentPriceNumeric": 2.99,
    "oldPriceNumeric": 3.99,
    "storeName": "BILLA"
  },
  {
    "productName": "Schärdinger Pizzakäse",
    "category": "Cheese",
    "currentPrice": "2.39€",
    "oldPrice": "3.19€ - 3.39€",
    "packageSize": "div. Sorten, 150 g - 200 g",
    "unitPrice": "N/A",
    "discount": "bis zu -29%",
    "availabilityDateRange": "23.10. - 29.10.2025",
    "productHash": "schärdinger_pizzakäsediv_sorten_150_g_200_gcheese",
    "offerEndDate": "2025-10-29",
    "offerStartDate": "2025-10-23",
    "currentPriceNumeric": 2.39,
    "oldPriceNumeric": 3.19,
    "storeName": "BILLA"
  },
  {
    "productName": "Schärdinger Bergbaron",
    "category": "Cheese",
    "currentPrice": "5.99€",
    "oldPrice": "N/A",
    "packageSize": "500 g Packung",
    "unitPrice": "11.98/kg",
    "discount": "N/A",
    "availabilityDateRange": "23.10. - 29.10.2025",
    "productHash": "schärdinger_bergbaron500_g_packungcheese",
    "offerEndDate": "2025-10-29",
    "offerStartDate": "2025-10-23",
    "currentPriceNumeric": 5.99,
    "oldPriceNumeric": null,
    "storeName": "BILLA"
  },
  {
    "productName": "Schärdinger Geheimatskäse",
    "category": "Cheese",
    "currentPrice": "2.19€",
    "oldPrice": "3.20€",
    "packageSize": "200 g",
    "unitPrice": "10.95/kg",
    "discount": "2+1 Gratis",
    "availabilityDateRange": "23.10. - 29.10.2025",
    "productHash": "schärdinger_geheimatskäse200_gcheese",
    "offerEndDate": "2025-10-29",
    "offerStartDate": "2025-10-23",
    "currentPriceNumeric": 2.19,
    "oldPriceNumeric": 3.2,
    "storeName": "BILLA"
  },
  {
    "productName": "Schärdinger Kefir",
    "category": "Dairy",
    "currentPrice": "0.72€",
    "oldPrice": "1.45€",
    "packageSize": "400 ml",
    "unitPrice": "1.80/liter",
    "discount": "1+1 Gratis",
    "availabilityDateRange": "23.10. - 29.10.2025",
    "productHash": "schärdinger_kefir400_mldairy",
    "offerEndDate": "2025-10-29",
    "offerStartDate": "2025-10-23",
    "currentPriceNumeric": 0.72,
    "oldPriceNumeric": 1.45,
    "storeName": "BILLA"
  },
  {
    "productName": "Rama Cremefine",
    "category": "Dairy",
    "currentPrice": "0.99€",
    "oldPrice": "1.45€",
    "packageSize": "250 ml",
    "unitPrice": "3.96/liter",
    "discount": "2+1 Gratis",
    "availabilityDateRange": "23.10. - 29.10.2025",
    "productHash": "rama_cremefine250_mldairy",
    "offerEndDate": "2025-10-29",
    "offerStartDate": "2025-10-23",
    "currentPriceNumeric": 0.99,
    "oldPriceNumeric": 1.45,
    "storeName": "BILLA"
  },
  {
    "productName": "Hofkirchner Eiskaffee/Cappuccino",
    "category": "Dairy",
    "currentPrice": "1.59€",
    "oldPrice": "2.39€",
    "packageSize": "220 ml",
    "unitPrice": "7.23/liter",
    "discount": "2+1 Gratis",
    "availabilityDateRange": "23.10. - 29.10.2025",
    "productHash": "hofkirchner_eiskaffeecappuccino220_mldairy",
    "offerEndDate": "2025-10-29",
    "offerStartDate": "2025-10-23",
    "currentPriceNumeric": 1.59,
    "oldPriceNumeric": 2.39,
    "storeName": "BILLA"
  },
  {
    "productName": "Kinder Paradiso",
    "category": "Dairy",
    "currentPrice": "1.79€",
    "oldPrice": "2.19€",
    "packageSize": "4x29g (116g)",
    "unitPrice": "15.43/kg",
    "discount": "-0.80€",
    "availabilityDateRange": "23.10. - 29.10.2025",
    "productHash": "kinder_paradiso4x29g_116gdairy",
    "offerEndDate": "2025-10-29",
    "offerStartDate": "2025-10-23",
    "currentPriceNumeric": 1.79,
    "oldPriceNumeric": 2.19,
    "storeName": "BILLA"
  },
  {
    "productName": "Rama",
    "category": "Spreads",
    "currentPrice": "1.99€",
    "oldPrice": "2.59€",
    "packageSize": "450 g",
    "unitPrice": "4.42/kg",
    "discount": "-1.20€",
    "availabilityDateRange": "23.10. - 29.10.2025",
    "productHash": "rama450_gspreads",
    "offerEndDate": "2025-10-29",
    "offerStartDate": "2025-10-23",
    "currentPriceNumeric": 1.99,
    "oldPriceNumeric": 2.59,
    "storeName": "BILLA"
  },
  {
    "productName": "Actimel Drink",
    "category": "Dairy",
    "currentPrice": "2.29€",
    "oldPrice": "2.99€",
    "packageSize": "600 g (6x100g)",
    "unitPrice": "3.82/kg",
    "discount": "26%",
    "availabilityDateRange": "23.10. - 29.10.2025",
    "productHash": "actimel_drink600_g_6x100gdairy",
    "offerEndDate": "2025-10-29",
    "offerStartDate": "2025-10-23",
    "currentPriceNumeric": 2.29,
    "oldPriceNumeric": 2.99,
    "storeName": "BILLA"
  },
  {
    "productName": "Nöm Teeebutter",
    "category": "Dairy",
    "currentPrice": "2.49€",
    "oldPrice": "3.09€",
    "packageSize": "250 g",
    "unitPrice": "9.96/kg",
    "discount": "-1.20€",
    "availabilityDateRange": "23.10. - 29.10.2025",
    "productHash": "nöm_teeebutter250_gdairy",
    "offerEndDate": "2025-10-29",
    "offerStartDate": "2025-10-23",
    "currentPriceNumeric": 2.49,
    "oldPriceNumeric": 3.09,
    "storeName": "BILLA"
  },
  {
    "productName": "Dany Sahne",
    "category": "Dairy",
    "currentPrice": "0.49€",
    "oldPrice": "0.99€",
    "packageSize": "190 g",
    "unitPrice": "2.58/kg",
    "discount": "2+2 Gratis",
    "availabilityDateRange": "23.10. - 29.10.2025",
    "productHash": "dany_sahne190_gdairy",
    "offerEndDate": "2025-10-29",
    "offerStartDate": "2025-10-23",
    "currentPriceNumeric": 0.49,
    "oldPriceNumeric": 0.99,
    "storeName": "BILLA"
  },
  {
    "productName": "Nöm Fru Fru",
    "category": "Dairy",
    "currentPrice": "0.49€",
    "oldPrice": "0.99€",
    "packageSize": "200 g",
    "unitPrice": "2.45/kg",
    "discount": "2+2 Gratis",
    "availabilityDateRange": "23.10. - 29.10.2025",
    "productHash": "nöm_fru_fru200_gdairy",
    "offerEndDate": "2025-10-29",
    "offerStartDate": "2025-10-23",
    "currentPriceNumeric": 0.49,
    "oldPriceNumeric": 0.99,
    "storeName": "BILLA"
  },
  {
    "productName": "Dinkelvollkornweckerl",
    "category": "Baked Goods",
    "currentPrice": "0.89€",
    "oldPrice": "0.99€",
    "packageSize": "per Stück",
    "unitPrice": "N/A",
    "discount": "-0.30€",
    "availabilityDateRange": "23.10. - 29.10.2025",
    "productHash": "dinkelvollkornweckerlper_stückbaked_goods",
    "offerEndDate": "2025-10-29",
    "offerStartDate": "2025-10-23",
    "currentPriceNumeric": 0.89,
    "oldPriceNumeric": 0.99,
    "storeName": "BILLA"
  },
  {
    "productName": "Ölz Toast",
    "category": "Baked Goods",
    "currentPrice": "3.39€",
    "oldPrice": "3.79€",
    "packageSize": "500 g Packung",
    "unitPrice": "6.78/kg",
    "discount": "-0.40€",
    "availabilityDateRange": "23.10. - 29.10.2025",
    "productHash": "ölz_toast500_g_packungbaked_goods",
    "offerEndDate": "2025-10-29",
    "offerStartDate": "2025-10-23",
    "currentPriceNumeric": 3.39,
    "oldPriceNumeric": 3.79,
    "storeName": "BILLA"
  },
  {
    "productName": "Ströck Vollkornstange",
    "category": "Baked Goods",
    "currentPrice": "0.99€",
    "oldPrice": "N/A",
    "packageSize": "per Stück",
    "unitPrice": "N/A",
    "discount": "N/A",
    "availabilityDateRange": "23.10. - 29.10.2025",
    "productHash": "ströck_vollkornstangeper_stückbaked_goods",
    "offerEndDate": "2025-10-29",
    "offerStartDate": "2025-10-23",
    "currentPriceNumeric": 0.99,
    "oldPriceNumeric": null,
    "storeName": "BILLA"
  },
  {
    "productName": "Ströck Mohnkipferl",
    "category": "Baked Goods",
    "currentPrice": "0.99€",
    "oldPrice": "N/A",
    "packageSize": "per Stück",
    "unitPrice": "N/A",
    "discount": "N/A",
    "availabilityDateRange": "23.10. - 29.10.2025",
    "productHash": "ströck_mohnkipferlper_stückbaked_goods",
    "offerEndDate": "2025-10-29",
    "offerStartDate": "2025-10-23",
    "currentPriceNumeric": 0.99,
    "oldPriceNumeric": null,
    "storeName": "BILLA"
  },
  {
    "productName": "Ja! Naturlich Roggenmischbrot",
    "category": "Baked Goods",
    "currentPrice": "4.89€",
    "oldPrice": "5.19€",
    "packageSize": "1.000 g",
    "unitPrice": "4.89/kg",
    "discount": "-0.30€",
    "availabilityDateRange": "23.10. - 29.10.2025",
    "productHash": "ja_naturlich_roggenmischbrot1000_gbaked_goods",
    "offerEndDate": "2025-10-29",
    "offerStartDate": "2025-10-23",
    "currentPriceNumeric": 4.89,
    "oldPriceNumeric": 5.19,
    "storeName": "BILLA"
  },
  {
    "productName": "Stephandom-Brot",
    "category": "Baked Goods",
    "currentPrice": "2.99€",
    "oldPrice": "3.19€",
    "packageSize": "500 g",
    "unitPrice": "5.98/kg",
    "discount": "-0.20€",
    "availabilityDateRange": "23.10. - 29.10.2025",
    "productHash": "stephandom_brot500_gbaked_goods",
    "offerEndDate": "2025-10-29",
    "offerStartDate": "2025-10-23",
    "currentPriceNumeric": 2.99,
    "oldPriceNumeric": 3.19,
    "storeName": "BILLA"
  },
  {
    "productName": "Aktivweckerl",
    "category": "Baked Goods",
    "currentPrice": "1.15€",
    "oldPrice": "1.29€",
    "packageSize": "per Stück",
    "unitPrice": "N/A",
    "discount": "-0.28€",
    "availabilityDateRange": "23.10. - 29.10.2025",
    "productHash": "aktivweckerlper_stückbaked_goods",
    "offerEndDate": "2025-10-29",
    "offerStartDate": "2025-10-23",
    "currentPriceNumeric": 1.15,
    "oldPriceNumeric": 1.29,
    "storeName": "BILLA"
  },
  {
    "productName": "Ja! Naturlich Bio-Salzstangerl",
    "category": "Baked Goods",
    "currentPrice": "0.49€",
    "oldPrice": "0.99€",
    "packageSize": "per Stück",
    "unitPrice": "N/A",
    "discount": "2+2 Gratis",
    "availabilityDateRange": "23.10. - 29.10.2025",
    "productHash": "ja_naturlich_bio_salzstangerlper_stückbaked_goods",
    "offerEndDate": "2025-10-29",
    "offerStartDate": "2025-10-23",
    "currentPriceNumeric": 0.49,
    "oldPriceNumeric": 0.99,
    "storeName": "BILLA"
  },
  {
    "productName": "Ja! Naturlich Bio-Dinkelweckerl",
    "category": "Baked Goods",
    "currentPrice": "0.59€",
    "oldPrice": "0.82€",
    "packageSize": "per Stück",
    "unitPrice": "N/A",
    "discount": "2+1 Gratis",
    "availabilityDateRange": "23.10. - 29.10.2025",
    "productHash": "ja_naturlich_bio_dinkelweckerlper_stückbaked_goods",
    "offerEndDate": "2025-10-29",
    "offerStartDate": "2025-10-23",
    "currentPriceNumeric": 0.59,
    "oldPriceNumeric": 0.82,
    "storeName": "BILLA"
  },
  {
    "productName": "Donauschnecke",
    "category": "Baked Goods",
    "currentPrice": "2.19€",
    "oldPrice": "N/A",
    "packageSize": "per Stück",
    "unitPrice": "N/A",
    "discount": "N/A",
    "availabilityDateRange": "23.10. - 29.10.2025",
    "productHash": "donauschneckeper_stückbaked_goods",
    "offerEndDate": "2025-10-29",
    "offerStartDate": "2025-10-23",
    "currentPriceNumeric": 2.19,
    "oldPriceNumeric": null,
    "storeName": "BILLA"
  },
  {
    "productName": "Halloween Donuts",
    "category": "Baked Goods",
    "currentPrice": "3.19€",
    "oldPrice": "N/A",
    "packageSize": "2 Stk. per Packung",
    "unitPrice": "N/A",
    "discount": "N/A",
    "availabilityDateRange": "23.10. - 29.10.2025",
    "productHash": "halloween_donuts2_stk_per_packungbaked_goods",
    "offerEndDate": "2025-10-29",
    "offerStartDate": "2025-10-23",
    "currentPriceNumeric": 3.19,
    "oldPriceNumeric": null,
    "storeName": "BILLA"
  },
  {
    "productName": "Ölz Mohnstreuselkuchen",
    "category": "Baked Goods",
    "currentPrice": "4.79€",
    "oldPrice": "N/A",
    "packageSize": "500 g",
    "unitPrice": "9.58/kg",
    "discount": "N/A",
    "availabilityDateRange": "23.10. - 29.10.2025",
    "productHash": "ölz_mohnstreuselkuchen500_gbaked_goods",
    "offerEndDate": "2025-10-29",
    "offerStartDate": "2025-10-23",
    "currentPriceNumeric": 4.79,
    "oldPriceNumeric": null,
    "storeName": "BILLA"
  },
  {
    "productName": "Donauwelle",
    "category": "Baked Goods",
    "currentPrice": "6.98€",
    "oldPrice": "7.38€",
    "packageSize": "2 Stk. per Packung",
    "unitPrice": "N/A",
    "discount": "-0.40€",
    "availabilityDateRange": "23.10. - 29.10.2025",
    "productHash": "donauwelle2_stk_per_packungbaked_goods",
    "offerEndDate": "2025-10-29",
    "offerStartDate": "2025-10-23",
    "currentPriceNumeric": 6.98,
    "oldPriceNumeric": 7.38,
    "storeName": "BILLA"
  },
  {
    "productName": "Krapfen Mini Marille",
    "category": "Baked Goods",
    "currentPrice": "0.96€",
    "oldPrice": "N/A",
    "packageSize": "N/A",
    "unitPrice": "N/A",
    "discount": "0.49€ off",
    "availabilityDateRange": "23.10. - 29.10.2025",
    "productHash": "krapfen_mini_marillenabaked_goods",
    "offerEndDate": "2025-10-29",
    "offerStartDate": "2025-10-23",
    "currentPriceNumeric": 0.96,
    "oldPriceNumeric": null,
    "storeName": "BILLA"
  },
  {
    "productName": "Ölz Nougat Croissant",
    "category": "Baked Goods",
    "currentPrice": "4.79€",
    "oldPrice": "N/A",
    "packageSize": "500 g Packung",
    "unitPrice": "9.58/kg",
    "discount": "N/A",
    "availabilityDateRange": "23.10. - 29.10.2025",
    "productHash": "ölz_nougat_croissant500_g_packungbaked_goods",
    "offerEndDate": "2025-10-29",
    "offerStartDate": "2025-10-23",
    "currentPriceNumeric": 4.79,
    "oldPriceNumeric": null,
    "storeName": "BILLA"
  },
  {
    "productName": "Krapfen Marille",
    "category": "Baked Goods",
    "currentPrice": "0.69€",
    "oldPrice": "1.19€",
    "packageSize": "per Stück",
    "unitPrice": "N/A",
    "discount": "42%",
    "availabilityDateRange": "23.10. - 29.10.2025",
    "productHash": "krapfen_marilleper_stückbaked_goods",
    "offerEndDate": "2025-10-29",
    "offerStartDate": "2025-10-23",
    "currentPriceNumeric": 0.69,
    "oldPriceNumeric": 1.19,
    "storeName": "BILLA"
  },
  {
    "productName": "Ölz Nuss Schnecken",
    "category": "Baked Goods",
    "currentPrice": "1.99€",
    "oldPrice": "3.99€",
    "packageSize": "2 Stk. 200 g",
    "unitPrice": "9.95/kg",
    "discount": "1+1 Gratis",
    "availabilityDateRange": "23.10. - 29.10.2025",
    "productHash": "ölz_nuss_schnecken2_stk_200_gbaked_goods",
    "offerEndDate": "2025-10-29",
    "offerStartDate": "2025-10-23",
    "currentPriceNumeric": 1.99,
    "oldPriceNumeric": 3.99,
    "storeName": "BILLA"
  },
  {
    "productName": "BILLA Käsekrainer",
    "category": "Processed Meat",
    "currentPrice": "1.49€",
    "oldPrice": "1.79€",
    "packageSize": "per Stück",
    "unitPrice": "N/A",
    "discount": "-0.30€",
    "availabilityDateRange": "23.10. - 29.10.2025",
    "productHash": "billa_käsekrainerper_stückprocessed_meat",
    "offerEndDate": "2025-10-29",
    "offerStartDate": "2025-10-23",
    "currentPriceNumeric": 1.49,
    "oldPriceNumeric": 1.79,
    "storeName": "BILLA"
  },
  {
    "productName": "Omis Faschierte Laibchen",
    "category": "Frozen Meals",
    "currentPrice": "2.99€",
    "oldPrice": "4.59€",
    "packageSize": "450 g Packung",
    "unitPrice": "6.64/kg",
    "discount": "-1.40€",
    "availabilityDateRange": "23.10. - 29.10.2025",
    "productHash": "omis_faschierte_laibchen450_g_packungfrozen_meals",
    "offerEndDate": "2025-10-29",
    "offerStartDate": "2025-10-23",
    "currentPriceNumeric": 2.99,
    "oldPriceNumeric": 4.59,
    "storeName": "BILLA"
  },
  {
    "productName": "Radatz Rindsuppe",
    "category": "Soups",
    "currentPrice": "2.79€",
    "oldPrice": "3.19€",
    "packageSize": "200 ml Packung",
    "unitPrice": "13.95/liter",
    "discount": "-0.40€",
    "availabilityDateRange": "23.10. - 29.10.2025",
    "productHash": "radatz_rindsuppe200_ml_packungsoups",
    "offerEndDate": "2025-10-29",
    "offerStartDate": "2025-10-23",
    "currentPriceNumeric": 2.79,
    "oldPriceNumeric": 3.19,
    "storeName": "BILLA"
  },
  {
    "productName": "Simply Good Tortelloni",
    "category": "Pasta",
    "currentPrice": "3.49€",
    "oldPrice": "4.99€",
    "packageSize": "div. Sorten, 250 g",
    "unitPrice": "13.96/kg",
    "discount": "-1.00€",
    "availabilityDateRange": "23.10. - 29.10.2025",
    "productHash": "simply_good_tortellonidiv_sorten_250_gpasta",
    "offerEndDate": "2025-10-29",
    "offerStartDate": "2025-10-23",
    "currentPriceNumeric": 3.49,
    "oldPriceNumeric": 4.99,
    "storeName": "BILLA"
  },
  {
    "productName": "BILLA immer gut Hühnerschnitzel",
    "category": "Meat & Poultry",
    "currentPrice": "1.59€",
    "oldPrice": "1.79€",
    "packageSize": "100 g",
    "unitPrice": "15.90/kg",
    "discount": "-0.20€",
    "availabilityDateRange": "23.10. - 29.10.2025",
    "productHash": "billa_immer_gut_hühnerschnitzel100_gmeat_poultry",
    "offerEndDate": "2025-10-29",
    "offerStartDate": "2025-10-23",
    "currentPriceNumeric": 1.59,
    "oldPriceNumeric": 1.79,
    "storeName": "BILLA"
  },
  {
    "productName": "Rana Halloween Kürbis",
    "category": "Pasta",
    "currentPrice": "2.99€",
    "oldPrice": "4.39€",
    "packageSize": "div. Sorten, 250 g",
    "unitPrice": "11.96/kg",
    "discount": "-1.40€",
    "availabilityDateRange": "23.10. - 29.10.2025",
    "productHash": "rana_halloween_kürbisdiv_sorten_250_gpasta",
    "offerEndDate": "2025-10-29",
    "offerStartDate": "2025-10-23",
    "currentPriceNumeric": 2.99,
    "oldPriceNumeric": 4.39,
    "storeName": "BILLA"
  },
  {
    "productName": "Wojnar's Salat",
    "category": "Deli Salads",
    "currentPrice": "1.99€",
    "oldPrice": "2.59€ - 2.79€",
    "packageSize": "div. Sorten, 150 g - 200 g",
    "unitPrice": "N/A",
    "discount": "bis zu -28%",
    "availabilityDateRange": "23.10. - 29.10.2025",
    "productHash": "wojnars_salatdiv_sorten_150_g_200_gdeli_salads",
    "offerEndDate": "2025-10-29",
    "offerStartDate": "2025-10-23",
    "currentPriceNumeric": 1.99,
    "oldPriceNumeric": 2.59,
    "storeName": "BILLA"
  },
  {
    "productName": "Tante Fanny Tortenboden",
    "category": "Baking Ingredients",
    "currentPrice": "2.29€",
    "oldPrice": "2.79€",
    "packageSize": "400 g",
    "unitPrice": "5.72/kg",
    "discount": "-0.50€",
    "availabilityDateRange": "23.10. - 29.10.2025",
    "productHash": "tante_fanny_tortenboden400_gbaking_ingredients",
    "offerEndDate": "2025-10-29",
    "offerStartDate": "2025-10-23",
    "currentPriceNumeric": 2.29,
    "oldPriceNumeric": 2.79,
    "storeName": "BILLA"
  },
  {
    "productName": "Tante Fanny Croissant",
    "category": "Baking Ingredients",
    "currentPrice": "1.99€",
    "oldPrice": "2.49€",
    "packageSize": "400 g",
    "unitPrice": "4.98/kg",
    "discount": "-1.00€",
    "availabilityDateRange": "23.10. - 29.10.2025",
    "productHash": "tante_fanny_croissant400_gbaking_ingredients",
    "offerEndDate": "2025-10-29",
    "offerStartDate": "2025-10-23",
    "currentPriceNumeric": 1.99,
    "oldPriceNumeric": 2.49,
    "storeName": "BILLA"
  },
  {
    "productName": "Coppenrath & Wiese Sachertorte",
    "category": "Frozen Desserts",
    "currentPrice": "8.99€",
    "oldPrice": "12.99€",
    "packageSize": "500 g Packung",
    "unitPrice": "17.98/kg",
    "discount": "30%",
    "availabilityDateRange": "23.10. - 29.10.2025",
    "productHash": "coppenrath_wiese_sachertorte500_g_packungfrozen_desserts",
    "offerEndDate": "2025-10-29",
    "offerStartDate": "2025-10-23",
    "currentPriceNumeric": 8.99,
    "oldPriceNumeric": 12.99,
    "storeName": "BILLA"
  },
  {
    "productName": "Eskimo Cremissimo Eis",
    "category": "Frozen Desserts",
    "currentPrice": "2.99€",
    "oldPrice": "4.99€",
    "packageSize": "div. Sorten, 1 Liter",
    "unitPrice": "2.99/liter",
    "discount": "-1.40€",
    "availabilityDateRange": "23.10. - 29.10.2025",
    "productHash": "eskimo_cremissimo_eisdiv_sorten_1_literfrozen_desserts",
    "offerEndDate": "2025-10-29",
    "offerStartDate": "2025-10-23",
    "currentPriceNumeric": 2.99,
    "oldPriceNumeric": 4.99,
    "storeName": "BILLA"
  },
  {
    "productName": "Goldsteig Junge Frühjahrstmast",
    "category": "Cheese",
    "currentPrice": "11.99€",
    "oldPrice": "17.99€",
    "packageSize": "1 kg",
    "unitPrice": "11.99/kg",
    "discount": "33%",
    "availabilityDateRange": "23.10. - 29.10.2025",
    "productHash": "goldsteig_junge_frühjahrstmast1_kgcheese",
    "offerEndDate": "2025-10-29",
    "offerStartDate": "2025-10-23",
    "currentPriceNumeric": 11.99,
    "oldPriceNumeric": 17.99,
    "storeName": "BILLA"
  },
  {
    "productName": "Dr. Oetker Mia Grande",
    "category": "Frozen Pizza",
    "currentPrice": "3.52€",
    "oldPrice": "5.29€",
    "packageSize": "360 g - 415 g",
    "unitPrice": "N/A",
    "discount": "2+1 Gratis",
    "availabilityDateRange": "23.10. - 29.10.2025",
    "productHash": "dr_oetker_mia_grande360_g_415_gfrozen_pizza",
    "offerEndDate": "2025-10-29",
    "offerStartDate": "2025-10-23",
    "currentPriceNumeric": 3.52,
    "oldPriceNumeric": 5.29,
    "storeName": "BILLA"
  },
  {
    "productName": "Iglo Rahmspinat",
    "category": "Frozen Vegetables",
    "currentPrice": "1.99€",
    "oldPrice": "3.99€",
    "packageSize": "450 g",
    "unitPrice": "2.21/kg",
    "discount": "1+1 Gratis",
    "availabilityDateRange": "23.10. - 29.10.2025",
    "productHash": "iglo_rahmspinat450_gfrozen_vegetables",
    "offerEndDate": "2025-10-29",
    "offerStartDate": "2025-10-23",
    "currentPriceNumeric": 1.99,
    "oldPriceNumeric": 3.99,
    "storeName": "BILLA"
  },
  {
    "productName": "Iglo Rotkraut",
    "category": "Frozen Vegetables",
    "currentPrice": "1.99€",
    "oldPrice": "3.99€",
    "packageSize": "450 g",
    "unitPrice": "2.21/kg",
    "discount": "1+1 Gratis",
    "availabilityDateRange": "23.10. - 29.10.2025",
    "productHash": "iglo_rotkraut450_gfrozen_vegetables",
    "offerEndDate": "2025-10-29",
    "offerStartDate": "2025-10-23",
    "currentPriceNumeric": 1.99,
    "oldPriceNumeric": 3.99,
    "storeName": "BILLA"
  },
  {
    "productName": "Dr. Oetker Bistro Baguette",
    "category": "Frozen Snacks",
    "currentPrice": "1.49€",
    "oldPrice": "2.99€",
    "packageSize": "div. Sorten, 250 g",
    "unitPrice": "2.98/kg",
    "discount": "1+1 Gratis",
    "availabilityDateRange": "23.10. - 29.10.2025",
    "productHash": "dr_oetker_bistro_baguettediv_sorten_250_gfrozen_snacks",
    "offerEndDate": "2025-10-29",
    "offerStartDate": "2025-10-23",
    "currentPriceNumeric": 1.49,
    "oldPriceNumeric": 2.99,
    "storeName": "BILLA"
  },
  {
    "productName": "Iglo Pizza/Lasagne/Vollkorn",
    "category": "Frozen Meals",
    "currentPrice": "3.74€",
    "oldPrice": "7.49€",
    "packageSize": "div. Sorten, 300 g - 700 g",
    "unitPrice": "N/A",
    "discount": "1+1 Gratis",
    "availabilityDateRange": "23.10. - 29.10.2025",
    "productHash": "iglo_pizzalasagnevollkorndiv_sorten_300_g_700_gfrozen_meals",
    "offerEndDate": "2025-10-29",
    "offerStartDate": "2025-10-23",
    "currentPriceNumeric": 3.74,
    "oldPriceNumeric": 7.49,
    "storeName": "BILLA"
  },
  {
    "productName": "Iglo Junge Erbsen",
    "category": "Frozen Vegetables",
    "currentPrice": "2.49€",
    "oldPrice": "4.99€",
    "packageSize": "div. Sorten, 700 g",
    "unitPrice": "1.78/kg",
    "discount": "1+1 Gratis",
    "availabilityDateRange": "23.10. - 29.10.2025",
    "productHash": "iglo_junge_erbsendiv_sorten_700_gfrozen_vegetables",
    "offerEndDate": "2025-10-29",
    "offerStartDate": "2025-10-23",
    "currentPriceNumeric": 2.49,
    "oldPriceNumeric": 4.99,
    "storeName": "BILLA"
  },
  {
    "productName": "Iglo Atlantik Lachsfilets",
    "category": "Frozen Fish & Seafood",
    "currentPrice": "7.99€",
    "oldPrice": "15.99€",
    "packageSize": "div. Sorten, 250 g",
    "unitPrice": "15.98/kg",
    "discount": "1+1 Gratis",
    "availabilityDateRange": "23.10. - 29.10.2025",
    "productHash": "iglo_atlantik_lachsfiletsdiv_sorten_250_gfrozen_fish_seafood",
    "offerEndDate": "2025-10-29",
    "offerStartDate": "2025-10-23",
    "currentPriceNumeric": 7.99,
    "oldPriceNumeric": 15.99,
    "storeName": "BILLA"
  },
  {
    "productName": "Reismehl glatt od. griffig",
    "category": "Baking Ingredients",
    "currentPrice": "1.29€",
    "oldPrice": "1.69€",
    "packageSize": "1 Kilo Packung",
    "unitPrice": "1.29/kg",
    "discount": "-0.40€",
    "availabilityDateRange": "23.10. - 29.10.2025",
    "productHash": "reismehl_glatt_od_griffig1_kilo_packungbaking_ingredients",
    "offerEndDate": "2025-10-29",
    "offerStartDate": "2025-10-23",
    "currentPriceNumeric": 1.29,
    "oldPriceNumeric": 1.69,
    "storeName": "BILLA"
  },
  {
    "productName": "Nestlé Cerealien",
    "category": "Breakfast Cereals",
    "currentPrice": "2.99€",
    "oldPrice": "3.89€",
    "packageSize": "div. Sorten, 250 g - 450 g",
    "unitPrice": "N/A",
    "discount": "-1.80€",
    "availabilityDateRange": "23.10. - 29.10.2025",
    "productHash": "nestlé_cerealiendiv_sorten_250_g_450_gbreakfast_cereals",
    "offerEndDate": "2025-10-29",
    "offerStartDate": "2025-10-23",
    "currentPriceNumeric": 2.99,
    "oldPriceNumeric": 3.89,
    "storeName": "BILLA"
  },
  {
    "productName": "Efko Kirschfrucht",
    "category": "Canned Fruits",
    "currentPrice": "1.99€",
    "oldPrice": "2.39€ - 2.49€",
    "packageSize": "div. Sorten, 350 g",
    "unitPrice": "5.69/kg",
    "discount": "bis zu -20%",
    "availabilityDateRange": "23.10. - 29.10.2025",
    "productHash": "efko_kirschfruchtdiv_sorten_350_gcanned_fruits",
    "offerEndDate": "2025-10-29",
    "offerStartDate": "2025-10-23",
    "currentPriceNumeric": 1.99,
    "oldPriceNumeric": 2.39,
    "storeName": "BILLA"
  },
  {
    "productName": "Staud's Fruchtaufstrich",
    "category": "Jams & Spreads",
    "currentPrice": "3.32€",
    "oldPrice": "4.99€",
    "packageSize": "div. Sorten, 250 g",
    "unitPrice": "13.28/kg",
    "discount": "2+1 Gratis",
    "availabilityDateRange": "23.10. - 29.10.2025",
    "productHash": "stauds_fruchtaufstrichdiv_sorten_250_gjams_spreads",
    "offerEndDate": "2025-10-29",
    "offerStartDate": "2025-10-23",
    "currentPriceNumeric": 3.32,
    "oldPriceNumeric": 4.99,
    "storeName": "BILLA"
  },
  {
    "productName": "Nutella",
    "category": "Spreads",
    "currentPrice": "4.99€",
    "oldPrice": "6.49€",
    "packageSize": "450 g",
    "unitPrice": "11.09/kg",
    "discount": "-1.50€",
    "availabilityDateRange": "23.10. - 29.10.2025",
    "productHash": "nutella450_gspreads",
    "offerEndDate": "2025-10-29",
    "offerStartDate": "2025-10-23",
    "currentPriceNumeric": 4.99,
    "oldPriceNumeric": 6.49,
    "storeName": "BILLA"
  },
  {
    "productName": "Rapso reines Rapsöl",
    "category": "Oils & Vinegar",
    "currentPrice": "3.99€",
    "oldPrice": "5.99€",
    "packageSize": "2 Flaschen Rapso, je 0.75 Liter",
    "unitPrice": "2.66/liter",
    "discount": "-2.00€",
    "availabilityDateRange": "23.10. - 29.10.2025",
    "productHash": "rapso_reines_rapsöl2_flaschen_rapso_je_075_literoils_vinegar",
    "offerEndDate": "2025-10-29",
    "offerStartDate": "2025-10-23",
    "currentPriceNumeric": 3.99,
    "oldPriceNumeric": 5.99,
    "storeName": "BILLA"
  },
  {
    "productName": "Knorr Basis od. Feinschmecker Sauce",
    "category": "Sauces & Spices",
    "currentPrice": "0.99€",
    "oldPrice": "1.49€",
    "packageSize": "div. Sorten",
    "unitPrice": "N/A",
    "discount": "2+1 Gratis",
    "availabilityDateRange": "23.10. - 29.10.2025",
    "productHash": "knorr_basis_od_feinschmecker_saucediv_sortensauces_spices",
    "offerEndDate": "2025-10-29",
    "offerStartDate": "2025-10-23",
    "currentPriceNumeric": 0.99,
    "oldPriceNumeric": 1.49,
    "storeName": "BILLA"
  },
  {
    "productName": "Ben's Original Langkorn-Reis",
    "category": "Rice & Grains",
    "currentPrice": "3.49€",
    "oldPrice": "4.99€",
    "packageSize": "1 Kilo Packung",
    "unitPrice": "3.49/kg",
    "discount": "30%",
    "availabilityDateRange": "23.10. - 29.10.2025",
    "productHash": "bens_original_langkorn_reis1_kilo_packungrice_grains",
    "offerEndDate": "2025-10-29",
    "offerStartDate": "2025-10-23",
    "currentPriceNumeric": 3.49,
    "oldPriceNumeric": 4.99,
    "storeName": "BILLA"
  },
  {
    "productName": "WOLF Teigwaren",
    "category": "Pantry & Baking (Grundnahrungsmittel)",
    "currentPrice": "1.24€",
    "oldPrice": "2.49€",
    "packageSize": "div. Sorten, 500 g",
    "unitPrice": "2.48/kg",
    "discount": "2+2 Gratis",
    "availabilityDateRange": "23.10. - 29.10.2025",
    "productHash": "wolf-teigwaren",
    "offerEndDate": "2024-05-15",
    "offerStartDate": "2024-05-15",
    "currentPriceNumeric": 1.24,
    "oldPriceNumeric": 2.49,
    "storeName": "BILLA",
    "searchTags": [
      "pasta",
      "noodles",
      "teigwaren",
      "wolf",
      "nudeln",
      "grundnahrungsmittel"
    ]
  },
  {
    "productName": "Kelly's Sing's",
    "category": "Snacks & Confectionery (Süßwaren & Snacks)",
    "currentPrice": "1.29€",
    "oldPrice": "1.99€",
    "packageSize": "80 g",
    "unitPrice": "16.13/kg",
    "discount": "35%",
    "availabilityDateRange": "23.10. - 29.10.2025",
    "productHash": "kellys-sings",
    "offerEndDate": "2024-05-15",
    "offerStartDate": "2024-05-15",
    "currentPriceNumeric": 1.29,
    "oldPriceNumeric": 1.99,
    "storeName": "BILLA",
    "searchTags": [
      "snacks",
      "chips",
      "crisps",
      "kellys",
      "sings",
      "knabbergebäck",
      "süßwaren"
    ]
  },
  {
    "productName": "Kelly's Chips",
    "category": "Snacks & Confectionery (Süßwaren & Snacks)",
    "currentPrice": "1.99€",
    "oldPrice": "2.99€",
    "packageSize": "div. Sorten, 150 g - 175 g",
    "unitPrice": "N/A",
    "discount": "2+1 Gratis",
    "availabilityDateRange": "23.10. - 29.10.2025",
    "productHash": "kellys-chips",
    "offerEndDate": "2024-05-15",
    "offerStartDate": "2024-05-15",
    "currentPriceNumeric": 1.99,
    "oldPriceNumeric": 2.99,
    "storeName": "BILLA",
    "searchTags": [
      "chips",
      "crisps",
      "kellys",
      "snacks",
      "knabbergebäck",
      "süßwaren"
    ]
  },
  {
    "productName": "Pringles",
    "category": "Snacks & Confectionery (Süßwaren & Snacks)",
    "currentPrice": "1.99€",
    "oldPrice": "2.99€",
    "packageSize": "div. Sorten, 165 g - 185 g",
    "unitPrice": "N/A",
    "discount": "-1.20€",
    "availabilityDateRange": "23.10. - 29.10.2025",
    "productHash": "pringles",
    "offerEndDate": "2024-05-15",
    "offerStartDate": "2024-05-15",
    "currentPriceNumeric": 1.99,
    "oldPriceNumeric": 2.99,
    "storeName": "BILLA",
    "searchTags": [
      "chips",
      "crisps",
      "pringles",
      "snacks",
      "knabbergebäck",
      "süßwaren"
    ]
  },
  {
    "productName": "BILLA Studentenfutter",
    "category": "Snacks & Confectionery (Süßwaren & Snacks)",
    "currentPrice": "2.79€",
    "oldPrice": "3.49€",
    "packageSize": "225 g",
    "unitPrice": "12.40/kg",
    "discount": "-1.40€",
    "availabilityDateRange": "23.10. - 29.10.2025",
    "productHash": "billa-studentenfutter",
    "offerEndDate": "2024-05-15",
    "offerStartDate": "2024-05-15",
    "currentPriceNumeric": 2.79,
    "oldPriceNumeric": 3.49,
    "storeName": "BILLA",
    "searchTags": [
      "nuts",
      "trail mix",
      "studentenfutter",
      "billa",
      "nüsse",
      "snacks",
      "mischung"
    ]
  },
  {
    "productName": "Illy Espresso",
    "category": "Drinks & Beverages (Getränke)",
    "currentPrice": "6.99€",
    "oldPrice": "10.59€",
    "packageSize": "250 g",
    "unitPrice": "27.96/kg",
    "discount": "33%",
    "availabilityDateRange": "23.10. - 29.10.2025",
    "productHash": "illy-espresso",
    "offerEndDate": "2024-05-15",
    "offerStartDate": "2024-05-15",
    "currentPriceNumeric": 6.99,
    "oldPriceNumeric": 10.59,
    "storeName": "BILLA",
    "searchTags": [
      "coffee",
      "espresso",
      "illy",
      "kaffee",
      "getränke",
      "bohnen",
      "gemahlen"
    ]
  },
  {
    "productName": "Eduscho Gala",
    "category": "Drinks & Beverages (Getränke)",
    "currentPrice": "7.99€",
    "oldPrice": "12.49€",
    "packageSize": "500 g",
    "unitPrice": "15.98/kg",
    "discount": "36%",
    "availabilityDateRange": "23.10. - 29.10.2025",
    "productHash": "eduscho-gala",
    "offerEndDate": "2024-05-15",
    "offerStartDate": "2024-05-15",
    "currentPriceNumeric": 7.99,
    "oldPriceNumeric": 12.49,
    "storeName": "BILLA",
    "searchTags": [
      "coffee",
      "kaffee",
      "eduscho",
      "gala",
      "getränke",
      "bohnen",
      "gemahlen"
    ]
  },
  {
    "productName": "Chio Tortillas Chips",
    "category": "Snacks & Confectionery (Süßwaren & Snacks)",
    "currentPrice": "1.24€",
    "oldPrice": "2.49€",
    "packageSize": "div. Sorten, 100 g",
    "unitPrice": "12.40/kg",
    "discount": "1+1 Gratis",
    "availabilityDateRange": "23.10. - 29.10.2025",
    "productHash": "chio-tortillas-chips",
    "offerEndDate": "2024-05-15",
    "offerStartDate": "2024-05-15",
    "currentPriceNumeric": 1.24,
    "oldPriceNumeric": 2.49,
    "storeName": "BILLA",
    "searchTags": [
      "tortilla",
      "chips",
      "chio",
      "snacks",
      "mexican",
      "knabbergebäck",
      "süßwaren"
    ]
  },
  {
    "productName": "Lorenz Crunchips",
    "category": "Snacks & Confectionery (Süßwaren & Snacks)",
    "currentPrice": "1.39€",
    "oldPrice": "2.79€",
    "packageSize": "div. Sorten, 150 g - 175 g",
    "unitPrice": "N/A",
    "discount": "1+1 Gratis",
    "availabilityDateRange": "23.10. - 29.10.2025",
    "productHash": "lorenz-crunchips",
    "offerEndDate": "2024-05-15",
    "offerStartDate": "2024-05-15",
    "currentPriceNumeric": 1.39,
    "oldPriceNumeric": 2.79,
    "storeName": "BILLA",
    "searchTags": [
      "chips",
      "crisps",
      "lorenz",
      "crunchips",
      "snacks",
      "knabbergebäck",
      "süßwaren"
    ]
  },
  {
    "productName": "Lorenz Nic Nacs",
    "category": "Snacks & Confectionery (Süßwaren & Snacks)",
    "currentPrice": "3.99€",
    "oldPrice": "5.99€",
    "packageSize": "div. Sorten, 250 g",
    "unitPrice": "15.96/kg",
    "discount": "33%",
    "availabilityDateRange": "23.10. - 29.10.2025",
    "productHash": "lorenz-nic-nacs",
    "offerEndDate": "2024-05-15",
    "offerStartDate": "2024-05-15",
    "currentPriceNumeric": 3.99,
    "oldPriceNumeric": 5.99,
    "storeName": "BILLA",
    "searchTags": [
      "peanuts",
      "erdnüsse",
      "lorenz",
      "nic nacs",
      "snacks",
      "knabbergebäck",
      "süßwaren"
    ]
  },
  {
    "productName": "Rauch Eistee",
    "category": "Drinks & Beverages (Getränke)",
    "currentPrice": "0.99€",
    "oldPrice": "1.99€",
    "packageSize": "div. Sorten, 0.5 Liter",
    "unitPrice": "0.99/liter",
    "discount": "3+3 Gratis",
    "availabilityDateRange": "23.10. - 29.10.2025",
    "productHash": "rauch-eistee",
    "offerEndDate": "2024-05-15",
    "offerStartDate": "2024-05-15",
    "currentPriceNumeric": 0.99,
    "oldPriceNumeric": 1.99,
    "storeName": "BILLA",
    "searchTags": [
      "iced tea",
      "eistee",
      "rauch",
      "drink",
      "tea",
      "getränke"
    ]
  },
  {
    "productName": "Gröbi Limonade",
    "category": "Drinks & Beverages (Getränke)",
    "currentPrice": "1.32€",
    "oldPrice": "1.99€",
    "packageSize": "div. Sorten, 0.5 Liter",
    "unitPrice": "1.32/liter",
    "discount": "4+2 Gratis",
    "availabilityDateRange": "23.10. - 29.10.2025",
    "productHash": "grobi-limonade",
    "offerEndDate": "2024-05-15",
    "offerStartDate": "2024-05-15",
    "currentPriceNumeric": 1.32,
    "oldPriceNumeric": 1.99,
    "storeName": "BILLA",
    "searchTags": [
      "lemonade",
      "limonade",
      "soft drink",
      "gröbi",
      "drink",
      "getränke"
    ]
  },
  {
    "productName": "Waldquelle Mineralwasser",
    "category": "Drinks & Beverages (Getränke)",
    "currentPrice": "1.19€",
    "oldPrice": "1.79€",
    "packageSize": "div. Sorten, 1.5 Liter",
    "unitPrice": "0.79/liter",
    "discount": "2+1 Gratis",
    "availabilityDateRange": "23.10. - 29.10.2025",
    "productHash": "waldquelle-mineralwasser",
    "offerEndDate": "2024-05-15",
    "offerStartDate": "2024-05-15",
    "currentPriceNumeric": 1.19,
    "oldPriceNumeric": 1.79,
    "storeName": "BILLA",
    "searchTags": [
      "water",
      "mineral water",
      "waldquelle",
      "wasser",
      "mineralwasser",
      "drink",
      "getränke"
    ]
  },
  {
    "productName": "Monster Energy Drink",
    "category": "Drinks & Beverages (Getränke)",
    "currentPrice": "1.24€",
    "oldPrice": "1.85€",
    "packageSize": "div. Sorten, 0.5 Liter",
    "unitPrice": "1.24/liter",
    "discount": "2+2 Gratis",
    "availabilityDateRange": "23.10. - 29.10.2025",
    "productHash": "monster-energy-drink",
    "offerEndDate": "2024-05-15",
    "offerStartDate": "2024-05-15",
    "currentPriceNumeric": 1.24,
    "oldPriceNumeric": 1.85,
    "storeName": "BILLA",
    "searchTags": [
      "energy drink",
      "monster",
      "drink",
      "energy",
      "booster",
      "getränke"
    ]
  },
  {
    "productName": "Capri-Sun",
    "category": "Drinks & Beverages (Getränke)",
    "currentPrice": "0.74€",
    "oldPrice": "1.49€",
    "packageSize": "div. Sorten, 0.2 Liter",
    "unitPrice": "3.70/liter",
    "discount": "3+3 Gratis",
    "availabilityDateRange": "23.10. - 29.10.2025",
    "productHash": "capri-sun",
    "offerEndDate": "2024-05-15",
    "offerStartDate": "2024-05-15",
    "currentPriceNumeric": 0.74,
    "oldPriceNumeric": 1.49,
    "storeName": "BILLA",
    "searchTags": [
      "juice",
      "fruit drink",
      "capri-sun",
      "drink",
      "saft",
      "fruchtsaftgetränk",
      "getränke"
    ]
  },
  {
    "productName": "Happy Day Fruchtsaft",
    "category": "Drinks & Beverages (Getränke)",
    "currentPrice": "1.86€",
    "oldPrice": "2.79€",
    "packageSize": "div. Sorten, 1 Liter",
    "unitPrice": "1.86/liter",
    "discount": "2+1 Gratis",
    "availabilityDateRange": "23.10. - 29.10.2025",
    "productHash": "happy-day-fruchtsaft",
    "offerEndDate": "2024-05-15",
    "offerStartDate": "2024-05-15",
    "currentPriceNumeric": 1.86,
    "oldPriceNumeric": 2.79,
    "storeName": "BILLA",
    "searchTags": [
      "juice",
      "fruit juice",
      "happy day",
      "fruchtsaft",
      "saft",
      "drink",
      "getränke"
    ]
  },
  {
    "productName": "Yo Sirup",
    "category": "Drinks & Beverages (Getränke)",
    "currentPrice": "2.66€",
    "oldPrice": "3.99€",
    "packageSize": "div. Sorten, 0.7 Liter",
    "unitPrice": "3.80/liter",
    "discount": "2+1 Gratis",
    "availabilityDateRange": "23.10. - 29.10.2025",
    "productHash": "yo-sirup",
    "offerEndDate": "2024-05-15",
    "offerStartDate": "2024-05-15",
    "currentPriceNumeric": 2.66,
    "oldPriceNumeric": 3.99,
    "storeName": "BILLA",
    "searchTags": [
      "syrup",
      "sirup",
      "concentrate",
      "yo",
      "drink",
      "getränke",
      "soft drink"
    ]
  },
  {
    "productName": "Schartner Bombe",
    "category": "Drinks & Beverages (Getränke)",
    "currentPrice": "0.57€",
    "oldPrice": "0.85€",
    "packageSize": "div. Sorten, 0.5 Liter Flasche",
    "unitPrice": "1.14/liter",
    "discount": "12+12 Gratis",
    "availabilityDateRange": "23.10. - 29.10.2025",
    "productHash": "schartner-bombe",
    "offerEndDate": "2024-05-15",
    "offerStartDate": "2024-05-15",
    "currentPriceNumeric": 0.57,
    "oldPriceNumeric": 0.85,
    "storeName": "BILLA",
    "searchTags": [
      "soft drink",
      "limonade",
      "schartner bombe",
      "drink",
      "soda",
      "getränke"
    ]
  },
  {
    "productName": "Fruhstuckler Limonade",
    "category": "Drinks & Beverages (Getränke)",
    "currentPrice": "1.99€",
    "oldPrice": "N/A",
    "packageSize": "div. Sorten, 0.5 Liter",
    "unitPrice": "0.66/liter",
    "discount": "3+3 Gratis",
    "availabilityDateRange": "23.10. - 29.10.2025",
    "productHash": "fruhstuckler-limonade",
    "offerEndDate": "2024-05-15",
    "offerStartDate": "2024-05-15",
    "currentPriceNumeric": 1.99,
    "oldPriceNumeric": null,
    "storeName": "BILLA",
    "searchTags": [
      "lemonade",
      "limonade",
      "soft drink",
      "fruhstuckler",
      "drink",
      "getränke"
    ]
  },
  {
    "productName": "Römerquelle Mineralwasser",
    "category": "Drinks & Beverages (Getränke)",
    "currentPrice": "1.39€",
    "oldPrice": "1.99€",
    "packageSize": "div. Sorten, 1.5 Liter",
    "unitPrice": "0.69/liter",
    "discount": "3+3 Gratis",
    "availabilityDateRange": "23.10. - 29.10.2025",
    "productHash": "romerquelle-mineralwasser",
    "offerEndDate": "2024-05-15",
    "offerStartDate": "2024-05-15",
    "currentPriceNumeric": 1.39,
    "oldPriceNumeric": 1.99,
    "storeName": "BILLA",
    "searchTags": [
      "water",
      "mineral water",
      "römerquelle",
      "wasser",
      "mineralwasser",
      "drink",
      "getränke"
    ]
  },
  {
    "productName": "Vöslauer Mineralwasser",
    "category": "Drinks & Beverages (Getränke)",
    "currentPrice": "0.47€",
    "oldPrice": "0.95€",
    "packageSize": "div. Sorten, 1.0 Liter",
    "unitPrice": "0.47/liter",
    "discount": "3+3 Gratis",
    "availabilityDateRange": "23.10. - 29.10.2025",
    "productHash": "voslauer-mineralwasser",
    "offerEndDate": "2024-05-15",
    "offerStartDate": "2024-05-15",
    "currentPriceNumeric": 0.47,
    "oldPriceNumeric": 0.95,
    "storeName": "BILLA",
    "searchTags": [
      "water",
      "mineral water",
      "vöslauer",
      "wasser",
      "mineralwasser",
      "drink",
      "getränke"
    ]
  },
  {
    "productName": "Pilsner Urquell",
    "category": "Drinks & Beverages (Getränke)",
    "currentPrice": "5.94€",
    "oldPrice": "8.64€",
    "packageSize": "6 Flaschen, 0.5 Liter",
    "unitPrice": "1.98/liter",
    "discount": "31%",
    "availabilityDateRange": "23.10. - 29.10.2025",
    "productHash": "pilsner-urquell",
    "offerEndDate": "2024-05-15",
    "offerStartDate": "2024-05-15",
    "currentPriceNumeric": 5.94,
    "oldPriceNumeric": 8.64,
    "storeName": "BILLA",
    "searchTags": [
      "beer",
      "pilsner",
      "urquell",
      "bier",
      "alcoholic",
      "drink",
      "getränke"
    ]
  },
  {
    "productName": "Stiegl Goldbräu",
    "category": "Drinks & Beverages (Getränke)",
    "currentPrice": "6.54€",
    "oldPrice": "9.30€",
    "packageSize": "6 Flaschen, 0.5 Liter",
    "unitPrice": "2.18/liter",
    "discount": "29%",
    "availabilityDateRange": "23.10. - 29.10.2025",
    "productHash": "stiegl-goldbrau",
    "offerEndDate": "2024-05-15",
    "offerStartDate": "2024-05-15",
    "currentPriceNumeric": 6.54,
    "oldPriceNumeric": 9.3,
    "storeName": "BILLA",
    "searchTags": [
      "beer",
      "lager",
      "stiegl",
      "goldbräu",
      "bier",
      "alcoholic",
      "drink",
      "getränke"
    ]
  },
  {
    "productName": "Wieselburger Export Lager",
    "category": "Drinks & Beverages (Getränke)",
    "currentPrice": "6.76€",
    "oldPrice": "8.56€",
    "packageSize": "6 Flaschen, 0.5 Liter",
    "unitPrice": "2.25/liter",
    "discount": "20%",
    "availabilityDateRange": "23.10. - 29.10.2025",
    "productHash": "wieselburger-export-lager",
    "offerEndDate": "2024-05-15",
    "offerStartDate": "2024-05-15",
    "currentPriceNumeric": 6.76,
    "oldPriceNumeric": 8.56,
    "storeName": "BILLA",
    "searchTags": [
      "beer",
      "lager",
      "wieselburger",
      "export",
      "bier",
      "alcoholic",
      "drink",
      "getränke"
    ]
  },
  {
    "productName": "Zipfer hell",
    "category": "Drinks & Beverages (Getränke)",
    "currentPrice": "19.80€",
    "oldPrice": "27.60€",
    "packageSize": "1 Kiste",
    "unitPrice": "N/A",
    "discount": "28%",
    "availabilityDateRange": "23.10. - 29.10.2025",
    "productHash": "zipfer-hell",
    "offerEndDate": "2024-05-15",
    "offerStartDate": "2024-05-15",
    "currentPriceNumeric": 19.8,
    "oldPriceNumeric": 27.6,
    "storeName": "BILLA",
    "searchTags": [
      "beer",
      "lager",
      "zipfer",
      "hell",
      "bier",
      "alcoholic",
      "drink",
      "getränke"
    ]
  },
  {
    "productName": "Egger Märzen",
    "category": "Drinks & Beverages (Getränke)",
    "currentPrice": "0.57€",
    "oldPrice": "0.85€",
    "packageSize": "div. Sorten, 0.5 Liter",
    "unitPrice": "1.14/liter",
    "discount": "12+12 Gratis",
    "availabilityDateRange": "23.10. - 29.10.2025",
    "productHash": "egger-marzen",
    "offerEndDate": "2024-05-15",
    "offerStartDate": "2024-05-15",
    "currentPriceNumeric": 0.57,
    "oldPriceNumeric": 0.85,
    "storeName": "BILLA",
    "searchTags": [
      "beer",
      "märzen",
      "egger",
      "bier",
      "alcoholic",
      "drink",
      "getränke"
    ]
  },
  {
    "productName": "Puntigamer",
    "category": "Drinks & Beverages (Getränke)",
    "currentPrice": "0.65€",
    "oldPrice": "1.45€",
    "packageSize": "24 Dosen, 0.5 Liter",
    "unitPrice": "1.30/liter",
    "discount": "55%",
    "availabilityDateRange": "23.10. - 29.10.2025",
    "productHash": "puntigamer",
    "offerEndDate": "2024-05-15",
    "offerStartDate": "2024-05-15",
    "currentPriceNumeric": 0.65,
    "oldPriceNumeric": 1.45,
    "storeName": "BILLA",
    "searchTags": [
      "beer",
      "lager",
      "puntigamer",
      "bier",
      "alcoholic",
      "drink",
      "getränke"
    ]
  },
  {
    "productName": "Gösser Bio Stiftsbräu",
    "category": "Drinks & Beverages (Getränke)",
    "currentPrice": "0.69€",
    "oldPrice": "1.69€",
    "packageSize": "0.5 Liter",
    "unitPrice": "1.38/liter",
    "discount": "3+3 Gratis",
    "availabilityDateRange": "23.10. - 29.10.2025",
    "productHash": "gosser-bio-stiftsbrau",
    "offerEndDate": "2024-05-15",
    "offerStartDate": "2024-05-15",
    "currentPriceNumeric": 0.69,
    "oldPriceNumeric": 1.69,
    "storeName": "BILLA",
    "searchTags": [
      "beer",
      "organic beer",
      "gösser",
      "stiftsbräu",
      "bio",
      "bier",
      "alcoholic",
      "drink",
      "getränke"
    ]
  },
  {
    "productName": "Heineken Lager",
    "category": "Drinks & Beverages (Getränke)",
    "currentPrice": "0.89€",
    "oldPrice": "1.79€",
    "packageSize": "0.5 Liter",
    "unitPrice": "1.78/liter",
    "discount": "4+4 Gratis",
    "availabilityDateRange": "23.10. - 29.10.2025",
    "productHash": "heineken-lager",
    "offerEndDate": "2024-05-15",
    "offerStartDate": "2024-05-15",
    "currentPriceNumeric": 0.89,
    "oldPriceNumeric": 1.79,
    "storeName": "BILLA",
    "searchTags": [
      "beer",
      "lager",
      "heineken",
      "bier",
      "alcoholic",
      "drink",
      "getränke"
    ]
  },
  {
    "productName": "Gösser Märzen",
    "category": "Drinks & Beverages (Getränke)",
    "currentPrice": "0.69€",
    "oldPrice": "1.39€",
    "packageSize": "0.5 Liter",
    "unitPrice": "1.38/liter",
    "discount": "12+12 Gratis",
    "availabilityDateRange": "23.10. - 29.10.2025",
    "productHash": "gosser-marzen",
    "offerEndDate": "2024-05-15",
    "offerStartDate": "2024-05-15",
    "currentPriceNumeric": 0.69,
    "oldPriceNumeric": 1.39,
    "storeName": "BILLA",
    "searchTags": [
      "beer",
      "märzen",
      "gösser",
      "bier",
      "alcoholic",
      "drink",
      "getränke"
    ]
  },
  {
    "productName": "Samson Lager",
    "category": "Drinks & Beverages (Getränke)",
    "currentPrice": "10.20€",
    "oldPrice": "13.80€",
    "packageSize": "20 Flaschen, 0.5 Liter",
    "unitPrice": "1.02/liter",
    "discount": "26%",
    "availabilityDateRange": "23.10. - 29.10.2025",
    "productHash": "samson-lager",
    "offerEndDate": "2024-05-15",
    "offerStartDate": "2024-05-15",
    "currentPriceNumeric": 10.2,
    "oldPriceNumeric": 13.8,
    "storeName": "BILLA",
    "searchTags": [
      "beer",
      "lager",
      "samson",
      "bier",
      "alcoholic",
      "drink",
      "getränke"
    ]
  },
  {
    "productName": "Gösser Märzen (Kiste)",
    "category": "Drinks & Beverages (Getränke)",
    "currentPrice": "14.40€",
    "oldPrice": "28.80€",
    "packageSize": "im 20er-Träger",
    "unitPrice": "N/A",
    "discount": "50%",
    "availabilityDateRange": "23.10. - 29.10.2025",
    "productHash": "gosser-marzen-kiste",
    "offerEndDate": "2024-05-15",
    "offerStartDate": "2024-05-15",
    "currentPriceNumeric": 14.4,
    "oldPriceNumeric": 28.8,
    "storeName": "BILLA",
    "searchTags": [
      "beer",
      "märzen",
      "gösser",
      "bier",
      "crate",
      "kiste",
      "alcoholic",
      "drink",
      "getränke"
    ]
  },
  {
    "productName": "Erbehain Heidelboden Zweigelt",
    "category": "Drinks & Beverages (Getränke)",
    "currentPrice": "8.99€",
    "oldPrice": "9.99€",
    "packageSize": "0.75 Liter Flasche",
    "unitPrice": "11.99/liter",
    "discount": "-1.00€",
    "availabilityDateRange": "23.10. - 29.10.2025",
    "productHash": "erbehain-heidelboden-zweigelt",
    "offerEndDate": "2024-05-15",
    "offerStartDate": "2024-05-15",
    "currentPriceNumeric": 8.99,
    "oldPriceNumeric": 9.99,
    "storeName": "BILLA",
    "searchTags": [
      "wine",
      "red wine",
      "zweigelt",
      "erbehain",
      "heidelboden",
      "wein",
      "rotwein",
      "alcoholic",
      "drink",
      "getränke"
    ]
  },
  {
    "productName": "BILLA Weinwelt Grüner Veltliner",
    "category": "Drinks & Beverages (Getränke)",
    "currentPrice": "6.99€",
    "oldPrice": "7.99€",
    "packageSize": "DAC 0.75 Liter Flasche",
    "unitPrice": "9.32/liter",
    "discount": "-1.00€",
    "availabilityDateRange": "23.10. - 29.10.2025",
    "productHash": "billa-weinwelt-gruner-veltliner",
    "offerEndDate": "2024-05-15",
    "offerStartDate": "2024-05-15",
    "currentPriceNumeric": 6.99,
    "oldPriceNumeric": 7.99,
    "storeName": "BILLA",
    "searchTags": [
      "wine",
      "white wine",
      "grüner veltliner",
      "billa",
      "weinwelt",
      "wein",
      "weißwein",
      "alcoholic",
      "drink",
      "getränke"
    ]
  },
  {
    "productName": "Malibu Kokoslikör",
    "category": "Drinks & Beverages (Getränke)",
    "currentPrice": "12.99€",
    "oldPrice": "18.99€",
    "packageSize": "0.7 Liter Flasche",
    "unitPrice": "18.56/liter",
    "discount": "31%",
    "availabilityDateRange": "23.10. - 29.10.2025",
    "productHash": "malibu-kokoslikor",
    "offerEndDate": "2024-05-15",
    "offerStartDate": "2024-05-15",
    "currentPriceNumeric": 12.99,
    "oldPriceNumeric": 18.99,
    "storeName": "BILLA",
    "searchTags": [
      "liqueur",
      "coconut liqueur",
      "malibu",
      "kokoslikör",
      "spirit",
      "alcoholic",
      "drink",
      "getränke"
    ]
  },
  {
    "productName": "Gordon's Gin",
    "category": "Drinks & Beverages (Getränke)",
    "currentPrice": "12.99€",
    "oldPrice": "17.95€",
    "packageSize": "0.7 Liter Flasche",
    "unitPrice": "18.56/liter",
    "discount": "27%",
    "availabilityDateRange": "23.10. - 29.10.2025",
    "productHash": "gordons-gin",
    "offerEndDate": "2024-05-15",
    "offerStartDate": "2024-05-15",
    "currentPriceNumeric": 12.99,
    "oldPriceNumeric": 17.95,
    "storeName": "BILLA",
    "searchTags": [
      "gin",
      "gordon's",
      "spirit",
      "alcoholic",
      "drink",
      "getränke"
    ]
  },
  {
    "productName": "Stolichnaya Vodka",
    "category": "Drinks & Beverages (Getränke)",
    "currentPrice": "13.99€",
    "oldPrice": "18.99€",
    "packageSize": "0.7 Liter Flasche",
    "unitPrice": "19.99/liter",
    "discount": "26%",
    "availabilityDateRange": "23.10. - 29.10.2025",
    "productHash": "stolichnaya-vodka",
    "offerEndDate": "2024-05-15",
    "offerStartDate": "2024-05-15",
    "currentPriceNumeric": 13.99,
    "oldPriceNumeric": 18.99,
    "storeName": "BILLA",
    "searchTags": [
      "vodka",
      "stolichnaya",
      "spirit",
      "alcoholic",
      "drink",
      "getränke"
    ]
  },
  {
    "productName": "Jim Beam Bourbon Whiskey",
    "category": "Drinks & Beverages (Getränke)",
    "currentPrice": "13.99€",
    "oldPrice": "18.99€",
    "packageSize": "0.7 Liter Flasche",
    "unitPrice": "19.99/liter",
    "discount": "26%",
    "availabilityDateRange": "23.10. - 29.10.2025",
    "productHash": "jim-beam-bourbon-whiskey",
    "offerEndDate": "2024-05-15",
    "offerStartDate": "2024-05-15",
    "currentPriceNumeric": 13.99,
    "oldPriceNumeric": 18.99,
    "storeName": "BILLA",
    "searchTags": [
      "whiskey",
      "bourbon",
      "jim beam",
      "spirit",
      "alcoholic",
      "drink",
      "getränke"
    ]
  },
  {
    "productName": "Bacardi",
    "category": "Drinks & Beverages (Getränke)",
    "currentPrice": "14.49€",
    "oldPrice": "17.99€",
    "packageSize": "0.7 Liter Flasche",
    "unitPrice": "20.70/liter",
    "discount": "35%",
    "availabilityDateRange": "23.10. - 29.10.2025",
    "productHash": "bacardi",
    "offerEndDate": "2024-05-15",
    "offerStartDate": "2024-05-15",
    "currentPriceNumeric": 14.49,
    "oldPriceNumeric": 17.99,
    "storeName": "BILLA",
    "searchTags": [
      "rum",
      "bacardi",
      "spirit",
      "alcoholic",
      "drink",
      "getränke"
    ]
  },
  {
    "productName": "Averna Amaro Siciliano",
    "category": "Drinks & Beverages (Getränke)",
    "currentPrice": "14.99€",
    "oldPrice": "18.49€",
    "packageSize": "0.7 Liter Flasche",
    "unitPrice": "21.41/liter",
    "discount": "-3.50€",
    "availabilityDateRange": "23.10. - 29.10.2025",
    "productHash": "averna-amaro-siciliano",
    "offerEndDate": "2024-05-15",
    "offerStartDate": "2024-05-15",
    "currentPriceNumeric": 14.99,
    "oldPriceNumeric": 18.49,
    "storeName": "BILLA",
    "searchTags": [
      "amaro",
      "liqueur",
      "averna",
      "siciliano",
      "digestif",
      "bitter",
      "alcoholic",
      "drink",
      "getränke"
    ]
  },
  {
    "productName": "Jameson Irish Whiskey Black Barrel",
    "category": "Drinks & Beverages (Getränke)",
    "currentPrice": "24.90€",
    "oldPrice": "37.90€",
    "packageSize": "0.7 Liter Flasche",
    "unitPrice": "35.57/liter",
    "discount": "34%",
    "availabilityDateRange": "23.10. - 29.10.2025",
    "productHash": "jameson-irish-whiskey-black-barrel",
    "offerEndDate": "2024-05-15",
    "offerStartDate": "2024-05-15",
    "currentPriceNumeric": 24.9,
    "oldPriceNumeric": 37.9,
    "storeName": "BILLA",
    "searchTags": [
      "whiskey",
      "irish whiskey",
      "jameson",
      "black barrel",
      "spirit",
      "alcoholic",
      "drink",
      "getränke"
    ]
  },
  {
    "productName": "Schlumberger Sekt",
    "category": "Drinks & Beverages (Getränke)",
    "currentPrice": "9.49€",
    "oldPrice": "16.99€",
    "packageSize": "div. Sorten, 0.75 Liter",
    "unitPrice": "12.65/liter",
    "discount": "44%",
    "availabilityDateRange": "23.10. - 29.10.2025",
    "productHash": "schlumberger-sekt",
    "offerEndDate": "2024-05-15",
    "offerStartDate": "2024-05-15",
    "currentPriceNumeric": 9.49,
    "oldPriceNumeric": 16.99,
    "storeName": "BILLA",
    "searchTags": [
      "sekt",
      "sparkling wine",
      "schlumberger",
      "champagne",
      "prosecco",
      "alcoholic",
      "drink",
      "getränke"
    ]
  },
  {
    "productName": "Johnnie Walker Red Label",
    "category": "Drinks & Beverages (Getränke)",
    "currentPrice": "10.49€",
    "oldPrice": "19.99€",
    "packageSize": "0.7 Liter Flasche",
    "unitPrice": "14.98/liter",
    "discount": "47%",
    "availabilityDateRange": "23.10. - 29.10.2025",
    "productHash": "johnnie-walker-red-label",
    "offerEndDate": "2024-05-15",
    "offerStartDate": "2024-05-15",
    "currentPriceNumeric": 10.49,
    "oldPriceNumeric": 19.99,
    "storeName": "BILLA",
    "searchTags": [
      "whiskey",
      "scotch",
      "johnnie walker",
      "red label",
      "spirit",
      "alcoholic",
      "drink",
      "getränke"
    ]
  },
  {
    "productName": "Berliner Luft Pfefferminzlikör",
    "category": "Drinks & Beverages (Getränke)",
    "currentPrice": "8.99€",
    "oldPrice": "13.99€",
    "packageSize": "0.7 Liter Flasche",
    "unitPrice": "12.84/liter",
    "discount": "35%",
    "availabilityDateRange": "23.10. - 29.10.2025",
    "productHash": "berliner-luft-pfefferminzlikor",
    "offerEndDate": "2024-05-15",
    "offerStartDate": "2024-05-15",
    "currentPriceNumeric": 8.99,
    "oldPriceNumeric": 13.99,
    "storeName": "BILLA",
    "searchTags": [
      "liqueur",
      "peppermint",
      "berliner luft",
      "pfefferminzlikör",
      "schnaps",
      "alcoholic",
      "drink",
      "getränke"
    ]
  },
  {
    "productName": "Dove Dusche",
    "category": "Health & Beauty (Drogerie)",
    "currentPrice": "1.99€",
    "oldPrice": "2.49€",
    "packageSize": "div. Sorten, 500 ml",
    "unitPrice": "3.98/liter",
    "discount": "-1.00€",
    "availabilityDateRange": "23.10. - 29.10.2025",
    "productHash": "dove-dusche",
    "offerEndDate": "2024-05-15",
    "offerStartDate": "2024-05-15",
    "currentPriceNumeric": 1.99,
    "oldPriceNumeric": 2.49,
    "storeName": "BILLA",
    "searchTags": [
      "shower gel",
      "dove",
      "body wash",
      "dusche",
      "personal care",
      "hygiene",
      "drogerie"
    ]
  },
  {
    "productName": "Axe Duschgel",
    "category": "Health & Beauty (Drogerie)",
    "currentPrice": "2.29€",
    "oldPrice": "2.99€",
    "packageSize": "div. Sorten, 250 ml",
    "unitPrice": "9.16/liter",
    "discount": "-0.70€",
    "availabilityDateRange": "23.10. - 29.10.2025",
    "productHash": "axe-duschgel",
    "offerEndDate": "2024-05-15",
    "offerStartDate": "2024-05-15",
    "currentPriceNumeric": 2.29,
    "oldPriceNumeric": 2.99,
    "storeName": "BILLA",
    "searchTags": [
      "shower gel",
      "axe",
      "body wash",
      "duschgel",
      "men's hygiene",
      "personal care",
      "drogerie"
    ]
  },
  {
    "productName": "Axe Duschspray",
    "category": "Health & Beauty (Drogerie)",
    "currentPrice": "2.99€",
    "oldPrice": "4.49€",
    "packageSize": "div. Sorten, 150 ml",
    "unitPrice": "19.93/liter",
    "discount": "2+1 Gratis",
    "availabilityDateRange": "23.10. - 29.10.2025",
    "productHash": "axe-duschspray",
    "offerEndDate": "2024-05-15",
    "offerStartDate": "2024-05-15",
    "currentPriceNumeric": 2.99,
    "oldPriceNumeric": 4.49,
    "storeName": "BILLA",
    "searchTags": [
      "deodorant",
      "body spray",
      "axe",
      "duschspray",
      "personal care",
      "hygiene",
      "drogerie"
    ]
  },
  {
    "productName": "Omo Waschmittel",
    "category": "Household & Cleaning (Haushalt)",
    "currentPrice": "7.99€",
    "oldPrice": "9.99€",
    "packageSize": "div. Sorten, 40 Wäschen",
    "unitPrice": "N/A",
    "discount": "-4.00€",
    "availabilityDateRange": "23.10. - 29.10.2025",
    "productHash": "omo-waschmittel",
    "offerEndDate": "2024-05-15",
    "offerStartDate": "2024-05-15",
    "currentPriceNumeric": 7.99,
    "oldPriceNumeric": 9.99,
    "storeName": "BILLA",
    "searchTags": [
      "detergent",
      "laundry detergent",
      "omo",
      "waschmittel",
      "cleaning",
      "household",
      "haushalt"
    ]
  },
  {
    "productName": "Coral Waschmittel",
    "category": "Household & Cleaning (Haushalt)",
    "currentPrice": "5.99€",
    "oldPrice": "6.49€",
    "packageSize": "div. Sorten, 19 - 25 Wäschen",
    "unitPrice": "N/A",
    "discount": "-1.00€",
    "availabilityDateRange": "23.10. - 29.10.2025",
    "productHash": "coral-waschmittel",
    "offerEndDate": "2024-05-15",
    "offerStartDate": "2024-05-15",
    "currentPriceNumeric": 5.99,
    "oldPriceNumeric": 6.49,
    "storeName": "BILLA",
    "searchTags": [
      "detergent",
      "laundry detergent",
      "coral",
      "waschmittel",
      "cleaning",
      "household",
      "haushalt"
    ]
  },
  {
    "productName": "Cif Bad & Dusche Sprühflasche",
    "category": "Household & Cleaning (Haushalt)",
    "currentPrice": "2.99€",
    "oldPrice": "3.99€",
    "packageSize": "750 ml",
    "unitPrice": "3.99/liter",
    "discount": "-0.50€",
    "availabilityDateRange": "23.10. - 29.10.2025",
    "productHash": "cif-bad-dusche-spruhflasche",
    "offerEndDate": "2024-05-15",
    "offerStartDate": "2024-05-15",
    "currentPriceNumeric": 2.99,
    "oldPriceNumeric": 3.99,
    "storeName": "BILLA",
    "searchTags": [
      "bathroom cleaner",
      "shower cleaner",
      "cif",
      "badreiniger",
      "sprühflasche",
      "cleaning",
      "household",
      "haushalt"
    ]
  },
  {
    "productName": "Pampers Windeln",
    "category": "Household & Cleaning (Haushalt)",
    "currentPrice": "13.33€",
    "oldPrice": "19.99€",
    "packageSize": "div. Sorten, Gr. 2-74 Stk.",
    "unitPrice": "N/A",
    "discount": "2+1 Gratis",
    "availabilityDateRange": "23.10. - 29.10.2025",
    "productHash": "pampers-windeln",
    "offerEndDate": "2024-05-15",
    "offerStartDate": "2024-05-15",
    "currentPriceNumeric": 13.33,
    "oldPriceNumeric": 19.99,
    "storeName": "BILLA",
    "searchTags": [
      "diapers",
      "baby diapers",
      "pampers",
      "windeln",
      "baby care",
      "household",
      "haushalt"
    ]
  },
  {
    "productName": "Blue Star WC Reiniger",
    "category": "Household & Cleaning (Haushalt)",
    "currentPrice": "3.49€",
    "oldPrice": "4.59€",
    "packageSize": "div. Sorten, 700 ml",
    "unitPrice": "4.98/liter",
    "discount": "-2.20€",
    "availabilityDateRange": "23.10. - 29.10.2025",
    "productHash": "blue-star-wc-reiniger",
    "offerEndDate": "2024-05-15",
    "offerStartDate": "2024-05-15",
    "currentPriceNumeric": 3.49,
    "oldPriceNumeric": 4.59,
    "storeName": "BILLA",
    "searchTags": [
      "toilet cleaner",
      "wc reiniger",
      "blue star",
      "cleaning",
      "household",
      "haushalt"
    ]
  },
  {
    "productName": "Head & Shoulders Shampoo",
    "category": "Health & Beauty (Drogerie)",
    "currentPrice": "3.32€",
    "oldPrice": "4.99€",
    "packageSize": "div. Sorten, 300 ml - 400 ml",
    "unitPrice": "N/A",
    "discount": "2+1 Gratis",
    "availabilityDateRange": "23.10. - 29.10.2025",
    "productHash": "head-shoulders-shampoo",
    "offerEndDate": "2024-05-15",
    "offerStartDate": "2024-05-15",
    "currentPriceNumeric": 3.32,
    "oldPriceNumeric": 4.99,
    "storeName": "BILLA",
    "searchTags": [
      "shampoo",
      "anti-dandruff",
      "head & shoulders",
      "hair care",
      "haarpflege",
      "drogerie"
    ]
  },
  {
    "productName": "Somat All in 1 Extra",
    "category": "Household & Cleaning (Haushalt)",
    "currentPrice": "6.29€",
    "oldPrice": "9.99€",
    "packageSize": "125 Waschgänge",
    "unitPrice": "N/A",
    "discount": "37%",
    "availabilityDateRange": "23.10. - 29.10.2025",
    "productHash": "somat-all-in-1-extra",
    "offerEndDate": "2024-05-15",
    "offerStartDate": "2024-05-15",
    "currentPriceNumeric": 6.29,
    "oldPriceNumeric": 9.99,
    "storeName": "BILLA",
    "searchTags": [
      "dishwasher tabs",
      "dishwashing",
      "somat",
      "spülmaschinentabs",
      "cleaning",
      "household",
      "haushalt"
    ]
  },
  {
    "productName": "Tempo Taschentücher",
    "category": "Household & Cleaning (Haushalt)",
    "currentPrice": "4.99€",
    "oldPrice": "N/A",
    "packageSize": "20x9 Stück od. Trio Box",
    "unitPrice": "N/A",
    "discount": "N/A",
    "availabilityDateRange": "23.10. - 29.10.2025",
    "productHash": "tempo-taschentucher",
    "offerEndDate": "2024-05-15",
    "offerStartDate": "2024-05-15",
    "currentPriceNumeric": 4.99,
    "oldPriceNumeric": null,
    "storeName": "BILLA",
    "searchTags": [
      "tissues",
      "paper handkerchiefs",
      "tempo",
      "taschentücher",
      "hygiene",
      "household",
      "haushalt"
    ]
  },
  {
    "productName": "Cosy Toilettenpapier",
    "category": "Household & Cleaning (Haushalt)",
    "currentPrice": "6.79€",
    "oldPrice": "N/A",
    "packageSize": "10 Rollen",
    "unitPrice": "N/A",
    "discount": "N/A",
    "availabilityDateRange": "23.10. - 29.10.2025",
    "productHash": "cosy-toilettenpapier",
    "offerEndDate": "2024-05-15",
    "offerStartDate": "2024-05-15",
    "currentPriceNumeric": 6.79,
    "oldPriceNumeric": null,
    "storeName": "BILLA",
    "searchTags": [
      "toilet paper",
      "cosy",
      "toilettenpapier",
      "hygiene",
      "household",
      "haushalt"
    ]
  },
  {
    "productName": "Weißer Riese Waschmittel",
    "category": "Household & Cleaning (Haushalt)",
    "currentPrice": "15.99€",
    "oldPrice": "N/A",
    "packageSize": "100 Wäschen Universal",
    "unitPrice": "N/A",
    "discount": "N/A",
    "availabilityDateRange": "23.10. - 29.10.2025",
    "productHash": "weisser-riese-waschmittel",
    "offerEndDate": "2024-05-15",
    "offerStartDate": "2024-05-15",
    "currentPriceNumeric": 15.99,
    "oldPriceNumeric": null,
    "storeName": "BILLA",
    "searchTags": [
      "detergent",
      "laundry detergent",
      "weißer riese",
      "waschmittel",
      "cleaning",
      "household",
      "haushalt"
    ]
  },
  {
    "productName": "clever Schweineschnitzel",
    "category": "Meat & Poultry (Fleisch & Geflügel)",
    "currentPrice": "5.99€",
    "oldPrice": "N/A",
    "packageSize": "ohne Knochen od. Schnitzelpack",
    "unitPrice": "N/A",
    "discount": "N/A",
    "availabilityDateRange": "23.10. - 29.10.2025",
    "productHash": "clever-schweineschnitzel",
    "offerEndDate": "2024-05-15",
    "offerStartDate": "2024-05-15",
    "currentPriceNumeric": 5.99,
    "oldPriceNumeric": null,
    "storeName": "BILLA",
    "searchTags": [
      "pork",
      "schnitzel",
      "meat",
      "fleisch",
      "schwein",
      "clever",
      "fleisch & geflügel"
    ]
  },
  {
    "productName": "clever Hühnerschenkel classic",
    "category": "Meat & Poultry (Fleisch & Geflügel)",
    "currentPrice": "1.79€",
    "oldPrice": "N/A",
    "packageSize": "125 g",
    "unitPrice": "14.32/kg",
    "discount": "N/A",
    "availabilityDateRange": "23.10. - 29.10.2025",
    "productHash": "clever-huhnerschenkel-classic",
    "offerEndDate": "2024-05-15",
    "offerStartDate": "2024-05-15",
    "currentPriceNumeric": 1.79,
    "oldPriceNumeric": null,
    "storeName": "BILLA",
    "searchTags": [
      "chicken thighs",
      "poultry",
      "huhn",
      "schenkel",
      "clever",
      "fleisch & geflügel"
    ]
  },
  {
    "productName": "clever Bauchspeck",
    "category": "Meat & Poultry (Fleisch & Geflügel)",
    "currentPrice": "3.29€",
    "oldPrice": "3.99€",
    "packageSize": "160 g",
    "unitPrice": "20.56/kg",
    "discount": "N/A",
    "availabilityDateRange": "23.10. - 29.10.2025",
    "productHash": "clever-bauchspeck",
    "offerEndDate": "2024-05-15",
    "offerStartDate": "2024-05-15",
    "currentPriceNumeric": 3.29,
    "oldPriceNumeric": 3.99,
    "storeName": "BILLA",
    "searchTags": [
      "bacon",
      "pork belly",
      "speck",
      "bauchspeck",
      "clever",
      "meat",
      "fleisch & geflügel"
    ]
  },
  {
    "productName": "clever Kaisersemmel",
    "category": "Bread & Bakery (Brot & Gebäck)",
    "currentPrice": "0.19€",
    "oldPrice": "0.25€",
    "packageSize": "per Stück",
    "unitPrice": "N/A",
    "discount": "N/A",
    "availabilityDateRange": "23.10. - 29.10.2025",
    "productHash": "clever-kaisersemmel",
    "offerEndDate": "2024-05-15",
    "offerStartDate": "2024-05-15",
    "currentPriceNumeric": 0.19,
    "oldPriceNumeric": 0.25,
    "storeName": "BILLA",
    "searchTags": [
      "roll",
      "kaisersemmel",
      "bread",
      "brot",
      "gebäck",
      "clever",
      "bakery"
    ]
  },
  {
    "productName": "clever Erdäpfelsalat",
    "category": "Pantry & Baking (Grundnahrungsmittel)",
    "currentPrice": "2.99€",
    "oldPrice": "3.19€",
    "packageSize": "1 Kilo Becher",
    "unitPrice": "2.99/kg",
    "discount": "N/A",
    "availabilityDateRange": "23.10. - 29.10.2025",
    "productHash": "clever-erdapfelsalat",
    "offerEndDate": "2024-05-15",
    "offerStartDate": "2024-05-15",
    "currentPriceNumeric": 2.99,
    "oldPriceNumeric": 3.19,
    "storeName": "BILLA",
    "searchTags": [
      "potato salad",
      "erdäpfelsalat",
      "salad",
      "deli",
      "clever",
      "beilage"
    ]
  },
  {
    "productName": "clever Edamer",
    "category": "Dairy & Eggs (Milchprodukte & Eier)",
    "currentPrice": "2.89€",
    "oldPrice": "N/A",
    "packageSize": "im Stück, 300 g",
    "unitPrice": "9.63/kg",
    "discount": "N/A",
    "availabilityDateRange": "23.10. - 29.10.2025",
    "productHash": "clever-edamer",
    "offerEndDate": "2024-05-15",
    "offerStartDate": "2024-05-15",
    "currentPriceNumeric": 2.89,
    "oldPriceNumeric": null,
    "storeName": "BILLA",
    "searchTags": [
      "cheese",
      "edamer",
      "käse",
      "dairy",
      "clever",
      "milchprodukte"
    ]
  },
  {
    "productName": "clever Strudel (Marille/Topfen)",
    "category": "Bread & Bakery (Brot & Gebäck)",
    "currentPrice": "0.79€",
    "oldPrice": "0.89€",
    "packageSize": "100g",
    "unitPrice": "N/A",
    "discount": "N/A",
    "availabilityDateRange": "23.10. - 29.10.2025",
    "productHash": "clever-strudel-marille-topfen",
    "offerEndDate": "2024-05-15",
    "offerStartDate": "2024-05-15",
    "currentPriceNumeric": 0.79,
    "oldPriceNumeric": 0.89,
    "storeName": "BILLA",
    "searchTags": [
      "strudel",
      "apricot strudel",
      "quark strudel",
      "marille",
      "topfen",
      "clever",
      "bakery",
      "gebäck"
    ]
  },
  {
    "productName": "clever Strudel (Apfel)",
    "category": "Bread & Bakery (Brot & Gebäck)",
    "currentPrice": "0.79€",
    "oldPrice": "0.89€",
    "packageSize": "100g",
    "unitPrice": "N/A",
    "discount": "N/A",
    "availabilityDateRange": "23.10. - 29.10.2025",
    "productHash": "clever-strudel-apfel",
    "offerEndDate": "2024-05-15",
    "offerStartDate": "2024-05-15",
    "currentPriceNumeric": 0.79,
    "oldPriceNumeric": 0.89,
    "storeName": "BILLA",
    "searchTags": [
      "strudel",
      "apple strudel",
      "apfelstrudel",
      "clever",
      "bakery",
      "gebäck"
    ]
  },
  {
    "productName": "clever Strudel",
    "category": "Bread & Bakery (Brot & Gebäck)",
    "currentPrice": "3.29€",
    "oldPrice": "3.45€",
    "packageSize": "800 g",
    "unitPrice": "4.11/kg",
    "discount": "N/A",
    "availabilityDateRange": "23.10. - 29.10.2025",
    "productHash": "clever-strudel",
    "offerEndDate": "2024-05-15",
    "offerStartDate": "2024-05-15",
    "currentPriceNumeric": 3.29,
    "oldPriceNumeric": 3.45,
    "storeName": "BILLA",
    "searchTags": [
      "strudel",
      "dessert",
      "pastry",
      "clever",
      "bakery",
      "gebäck"
    ]
  },
  {
    "productName": "clever Tortelloni",
    "category": "Pantry & Baking (Grundnahrungsmittel)",
    "currentPrice": "1.79€",
    "oldPrice": "1.99€",
    "packageSize": "Schinken & Tomate, 400 g",
    "unitPrice": "4.48/kg",
    "discount": "N/A",
    "availabilityDateRange": "23.10. - 29.10.2025",
    "productHash": "clever-tortelloni",
    "offerEndDate": "2024-05-15",
    "offerStartDate": "2024-05-15",
    "currentPriceNumeric": 1.79,
    "oldPriceNumeric": 1.99,
    "storeName": "BILLA",
    "searchTags": [
      "pasta",
      "tortelloni",
      "noodles",
      "teigwaren",
      "clever",
      "grundnahrungsmittel"
    ]
  },
  {
    "productName": "clever Bauernbrot",
    "category": "Bread & Bakery (Brot & Gebäck)",
    "currentPrice": "1.29€",
    "oldPrice": "1.79€",
    "packageSize": "750 g",
    "unitPrice": "1.72/kg",
    "discount": "N/A",
    "availabilityDateRange": "23.10. - 29.10.2025",
    "productHash": "clever-bauernbrot",
    "offerEndDate": "2024-05-15",
    "offerStartDate": "2024-05-15",
    "currentPriceNumeric": 1.29,
    "oldPriceNumeric": 1.79,
    "storeName": "BILLA",
    "searchTags": [
      "bread",
      "farmer's bread",
      "bauernbrot",
      "brot",
      "clever",
      "bakery",
      "gebäck"
    ]
  },
  {
    "productName": "clever Baguette",
    "category": "Bread & Bakery (Brot & Gebäck)",
    "currentPrice": "0.79€",
    "oldPrice": "0.89€",
    "packageSize": "300 g Packung",
    "unitPrice": "2.63/kg",
    "discount": "N/A",
    "availabilityDateRange": "23.10. - 29.10.2025",
    "productHash": "clever-baguette",
    "offerEndDate": "2024-05-15",
    "offerStartDate": "2024-05-15",
    "currentPriceNumeric": 0.79,
    "oldPriceNumeric": 0.89,
    "storeName": "BILLA",
    "searchTags": [
      "bread",
      "baguette",
      "brot",
      "clever",
      "french bread",
      "bakery",
      "gebäck"
    ]
  },
  {
    "productName": "clever Chicken Nuggets",
    "category": "Frozen Foods (Tiefkühl)",
    "currentPrice": "2.29€",
    "oldPrice": "2.79€",
    "packageSize": "200 g, 250 g, 300 g",
    "unitPrice": "N/A",
    "discount": "N/A",
    "availabilityDateRange": "23.10. - 29.10.2025",
    "productHash": "clever-chicken-nuggets",
    "offerEndDate": "2024-05-15",
    "offerStartDate": "2024-05-15",
    "currentPriceNumeric": 2.29,
    "oldPriceNumeric": 2.79,
    "storeName": "BILLA",
    "searchTags": [
      "chicken nuggets",
      "frozen food",
      "poultry",
      "hendl",
      "nuggets",
      "clever",
      "tiefkühl"
    ]
  },
  {
    "productName": "clever Apfelstrudel",
    "category": "Frozen Foods (Tiefkühl)",
    "currentPrice": "1.89€",
    "oldPrice": "1.99€",
    "packageSize": "600 g",
    "unitPrice": "3.15/kg",
    "discount": "N/A",
    "availabilityDateRange": "23.10. - 29.10.2025",
    "productHash": "clever-apfelstrudel",
    "offerEndDate": "2024-05-15",
    "offerStartDate": "2024-05-15",
    "currentPriceNumeric": 1.89,
    "oldPriceNumeric": 1.99,
    "storeName": "BILLA",
    "searchTags": [
      "apple strudel",
      "frozen dessert",
      "apfelstrudel",
      "clever",
      "tiefkühl",
      "gebäck"
    ]
  },
  {
    "productName": "clever Espresso",
    "category": "Drinks & Beverages (Getränke)",
    "currentPrice": "2.99€",
    "oldPrice": "3.49€",
    "packageSize": "500 g",
    "unitPrice": "5.98/kg",
    "discount": "N/A",
    "availabilityDateRange": "23.10. - 29.10.2025",
    "productHash": "clever-espresso",
    "offerEndDate": "2024-05-15",
    "offerStartDate": "2024-05-15",
    "currentPriceNumeric": 2.99,
    "oldPriceNumeric": 3.49,
    "storeName": "BILLA",
    "searchTags": [
      "coffee",
      "espresso",
      "clever",
      "kaffee",
      "drink",
      "getränke"
    ]
  },
  {
    "productName": "clever Typ Cappuccino",
    "category": "Drinks & Beverages (Getränke)",
    "currentPrice": "2.49€",
    "oldPrice": "3.55€",
    "packageSize": "400 g",
    "unitPrice": "6.23/kg",
    "discount": "N/A",
    "availabilityDateRange": "23.10. - 29.10.2025",
    "productHash": "clever-typ-cappuccino",
    "offerEndDate": "2024-05-15",
    "offerStartDate": "2024-05-15",
    "currentPriceNumeric": 2.49,
    "oldPriceNumeric": 3.55,
    "storeName": "BILLA",
    "searchTags": [
      "cappuccino",
      "coffee drink",
      "clever",
      "kaffeegetränk",
      "drink",
      "getränke"
    ]
  },
  {
    "productName": "clever Cola",
    "category": "Drinks & Beverages (Getränke)",
    "currentPrice": "0.26€",
    "oldPrice": "0.39€",
    "packageSize": "1.5 Liter",
    "unitPrice": "0.17/liter",
    "discount": "N/A",
    "availabilityDateRange": "23.10. - 29.10.2025",
    "productHash": "clever-cola",
    "offerEndDate": "2024-05-15",
    "offerStartDate": "2024-05-15",
    "currentPriceNumeric": 0.26,
    "oldPriceNumeric": 0.39,
    "storeName": "BILLA",
    "searchTags": [
      "cola",
      "soft drink",
      "clever",
      "limonade",
      "drink",
      "getränke"
    ]
  },
  {
    "productName": "clever Bio Apfelsaft naturtrüb",
    "category": "Drinks & Beverages (Getränke)",
    "currentPrice": "1.29€",
    "oldPrice": "1.49€",
    "packageSize": "1 Liter",
    "unitPrice": "1.29/liter",
    "discount": "N/A",
    "availabilityDateRange": "23.10. - 29.10.2025",
    "productHash": "clever-bio-apfelsaft-naturtrub",
    "offerEndDate": "2024-05-15",
    "offerStartDate": "2024-05-15",
    "currentPriceNumeric": 1.29,
    "oldPriceNumeric": 1.49,
    "storeName": "BILLA",
    "searchTags": [
      "apple juice",
      "organic juice",
      "clever",
      "bio",
      "apfelsaft",
      "naturtrüb",
      "drink",
      "getränke"
    ]
  },
  {
    "productName": "clever Mühlviertler Kekse",
    "category": "Snacks & Confectionery (Süßwaren & Snacks)",
    "currentPrice": "1.49€",
    "oldPrice": "1.69€",
    "packageSize": "200 g",
    "unitPrice": "7.45/kg",
    "discount": "N/A",
    "availabilityDateRange": "23.10. - 29.10.2025",
    "productHash": "clever-muhlviertler-kekse",
    "offerEndDate": "2024-05-15",
    "offerStartDate": "2024-05-15",
    "currentPriceNumeric": 1.49,
    "oldPriceNumeric": 1.69,
    "storeName": "BILLA",
    "searchTags": [
      "cookies",
      "kekse",
      "mühlviertler",
      "clever",
      "biscuits",
      "snacks",
      "süßwaren"
    ]
  },
  {
    "productName": "clever Soft Cake",
    "category": "Snacks & Confectionery (Süßwaren & Snacks)",
    "currentPrice": "1.99€",
    "oldPrice": "2.49€",
    "packageSize": "200 g",
    "unitPrice": "9.95/kg",
    "discount": "N/A",
    "availabilityDateRange": "23.10. - 29.10.2025",
    "productHash": "clever-soft-cake",
    "offerEndDate": "2024-05-15",
    "offerStartDate": "2024-05-15",
    "currentPriceNumeric": 1.99,
    "oldPriceNumeric": 2.49,
    "storeName": "BILLA",
    "searchTags": [
      "soft cake",
      "biscuits",
      "clever",
      "gebäck",
      "kekse",
      "snacks",
      "süßwaren"
    ]
  },
  {
    "productName": "clever Sprühfix",
    "category": "Household & Cleaning (Haushalt)",
    "currentPrice": "0.99€",
    "oldPrice": "1.29€",
    "packageSize": "250 ml",
    "unitPrice": "3.96/liter",
    "discount": "N/A",
    "availabilityDateRange": "23.10. - 29.10.2025",
    "productHash": "clever-sprufix",
    "offerEndDate": "2024-05-15",
    "offerStartDate": "2024-05-15",
    "currentPriceNumeric": 0.99,
    "oldPriceNumeric": 1.29,
    "storeName": "BILLA",
    "searchTags": [
      "oil spray",
      "cooking spray",
      "sprühfix",
      "clever",
      "küchenhilfe",
      "backen",
      "braten"
    ]
  },
  {
    "productName": "clever Fusilli",
    "category": "Pantry & Baking (Grundnahrungsmittel)",
    "currentPrice": "1.19€",
    "oldPrice": "1.38€",
    "packageSize": "500 g",
    "unitPrice": "2.38/kg",
    "discount": "N/A",
    "availabilityDateRange": "23.10. - 29.10.2025",
    "productHash": "clever-fusilli",
    "offerEndDate": "2024-05-15",
    "offerStartDate": "2024-05-15",
    "currentPriceNumeric": 1.19,
    "oldPriceNumeric": 1.38,
    "storeName": "BILLA",
    "searchTags": [
      "pasta",
      "fusilli",
      "noodles",
      "teigwaren",
      "clever",
      "grundnahrungsmittel"
    ]
  },
  {
    "productName": "clever Erdnussflips",
    "category": "Snacks & Confectionery (Süßwaren & Snacks)",
    "currentPrice": "0.79€",
    "oldPrice": "0.99€",
    "packageSize": "200 g",
    "unitPrice": "3.95/kg",
    "discount": "N/A",
    "availabilityDateRange": "23.10. - 29.10.2025",
    "productHash": "clever-erdnussflips",
    "offerEndDate": "2024-05-15",
    "offerStartDate": "2024-05-15",
    "currentPriceNumeric": 0.79,
    "oldPriceNumeric": 0.99,
    "storeName": "BILLA",
    "searchTags": [
      "peanut puffs",
      "erdnussflips",
      "snacks",
      "clever",
      "knabbergebäck",
      "süßwaren"
    ]
  },
  {
    "productName": "clever Kalifornische Pistazien",
    "category": "Snacks & Confectionery (Süßwaren & Snacks)",
    "currentPrice": "2.99€",
    "oldPrice": "3.49€",
    "packageSize": "250 g",
    "unitPrice": "11.96/kg",
    "discount": "N/A",
    "availabilityDateRange": "23.10. - 29.10.2025",
    "productHash": "clever-kalifornische-pistazien",
    "offerEndDate": "2024-05-15",
    "offerStartDate": "2024-05-15",
    "currentPriceNumeric": 2.99,
    "oldPriceNumeric": 3.49,
    "storeName": "BILLA",
    "searchTags": [
      "pistachios",
      "nuts",
      "pistazien",
      "kalifornische",
      "clever",
      "snacks",
      "nüsse"
    ]
  },
  {
    "productName": "clever Kartoffel Chips",
    "category": "Snacks & Confectionery (Süßwaren & Snacks)",
    "currentPrice": "1.19€",
    "oldPrice": "1.59€",
    "packageSize": "200 g",
    "unitPrice": "5.95/kg",
    "discount": "N/A",
    "availabilityDateRange": "23.10. - 29.10.2025",
    "productHash": "clever-kartoffel-chips",
    "offerEndDate": "2024-05-15",
    "offerStartDate": "2024-05-15",
    "currentPriceNumeric": 1.19,
    "oldPriceNumeric": 1.59,
    "storeName": "BILLA",
    "searchTags": [
      "potato chips",
      "kartoffelchips",
      "chips",
      "clever",
      "snacks",
      "knabbergebäck",
      "süßwaren"
    ]
  },
  {
    "productName": "clever Tomatenmark",
    "category": "Pantry & Baking (Grundnahrungsmittel)",
    "currentPrice": "0.69€",
    "oldPrice": "0.99€",
    "packageSize": "200 g",
    "unitPrice": "3.45/kg",
    "discount": "N/A",
    "availabilityDateRange": "23.10. - 29.10.2025",
    "productHash": "clever-tomatenmark",
    "offerEndDate": "2024-05-15",
    "offerStartDate": "2024-05-15",
    "currentPriceNumeric": 0.69,
    "oldPriceNumeric": 0.99,
    "storeName": "BILLA",
    "searchTags": [
      "tomato paste",
      "tomatenmark",
      "cooking ingredient",
      "clever",
      "grundnahrungsmittel",
      "konserve"
    ]
  },
  {
    "productName": "clever Allzweckreiniger",
    "category": "Household & Cleaning (Haushalt)",
    "currentPrice": "3.79€",
    "oldPrice": "3.99€",
    "packageSize": "1 Liter",
    "unitPrice": "3.79/liter",
    "discount": "N/A",
    "availabilityDateRange": "23.10. - 29.10.2025",
    "productHash": "clever-allzweckreiniger",
    "offerEndDate": "2024-05-15",
    "offerStartDate": "2024-05-15",
    "currentPriceNumeric": 3.79,
    "oldPriceNumeric": 3.99,
    "storeName": "BILLA",
    "searchTags": [
      "all-purpose cleaner",
      "allzweckreiniger",
      "cleaning",
      "clever",
      "household",
      "haushalt"
    ]
  },
  {
    "productName": "clever Toilettenpapier",
    "category": "Household & Cleaning (Haushalt)",
    "currentPrice": "3.99€",
    "oldPrice": "4.39€",
    "packageSize": "10 Rollen",
    "unitPrice": "N/A",
    "discount": "N/A",
    "availabilityDateRange": "23.10. - 29.10.2025",
    "productHash": "clever-toilettenpapier",
    "offerEndDate": "2024-05-15",
    "offerStartDate": "2024-05-15",
    "currentPriceNumeric": 3.99,
    "oldPriceNumeric": 4.39,
    "storeName": "BILLA",
    "searchTags": [
      "toilet paper",
      "toilettenpapier",
      "clever",
      "hygiene",
      "household",
      "haushalt"
    ]
  },
  {
    "productName": "Ja! Naturlich Speisekürbis Hokkaido",
    "category": "Fresh Produce (Obst & Gemüse)",
    "currentPrice": "1.79€",
    "oldPrice": "2.19€",
    "packageSize": "per Kilo",
    "unitPrice": "1.79/kg",
    "discount": "-0.40€",
    "availabilityDateRange": "23.10. - 29.10.2025",
    "productHash": "ja-naturlich-speisekurbis-hokkaido",
    "offerEndDate": "2024-05-15",
    "offerStartDate": "2024-05-15",
    "currentPriceNumeric": 1.79,
    "oldPriceNumeric": 2.19,
    "storeName": "BILLA",
    "searchTags": [
      "pumpkin",
      "hokkaido",
      "kürbis",
      "vegetable",
      "gemüse",
      "ja natürlich",
      "fresh produce",
      "obst & gemüse"
    ]
  },
  {
    "productName": "clever Faschiertes gemischt",
    "category": "Meat & Poultry (Fleisch & Geflügel)",
    "currentPrice": "5.99€",
    "oldPrice": "8.49€",
    "packageSize": "Großpackung, 1 Kilo Packung",
    "unitPrice": "5.99/kg",
    "discount": "29%",
    "availabilityDateRange": "23.10. - 29.10.2025",
    "productHash": "clever-faschiertes-gemischt",
    "offerEndDate": "2024-05-15",
    "offerStartDate": "2024-05-15",
    "currentPriceNumeric": 5.99,
    "oldPriceNumeric": 8.49,
    "storeName": "BILLA",
    "searchTags": [
      "minced meat",
      "ground meat",
      "faschiertes",
      "gemischt",
      "clever",
      "meat",
      "fleisch & geflügel"
    ]
  },
  {
    "productName": "4 Diamanten Thunfisch",
    "category": "Fish & Seafood (Fisch)",
    "currentPrice": "2.32€",
    "oldPrice": "3.49€",
    "packageSize": "div. Sorten, 185 g",
    "unitPrice": "12.54/kg",
    "discount": "2+1 Gratis",
    "availabilityDateRange": "23.10. - 29.10.2025",
    "productHash": "4-diamanten-thunfisch",
    "offerEndDate": "2024-05-15",
    "offerStartDate": "2024-05-15",
    "currentPriceNumeric": 2.32,
    "oldPriceNumeric": 3.49,
    "storeName": "BILLA",
    "searchTags": [
      "tuna",
      "canned fish",
      "thunfisch",
      "4 diamanten",
      "fisch",
      "seafood",
      "konserve"
    ]
  },
  {
    "productName": "Dallmayr Crema d'Oro",
    "category": "Drinks & Beverages (Getränke)",
    "currentPrice": "19.99€",
    "oldPrice": "29.99€",
    "packageSize": "div. Sorten, 1 Kilo Packung",
    "unitPrice": "19.99/kg",
    "discount": "33%",
    "availabilityDateRange": "23.10. - 29.10.2025",
    "productHash": "dallmayr-crema-doro",
    "offerEndDate": "2024-05-15",
    "offerStartDate": "2024-05-15",
    "currentPriceNumeric": 19.99,
    "oldPriceNumeric": 29.99,
    "storeName": "BILLA",
    "searchTags": [
      "coffee",
      "crema doro",
      "dallmayr",
      "kaffee",
      "getränke",
      "bohnen",
      "gemahlen"
    ]
  },
  {
    "productName": "Coca-Cola",
    "category": "Drinks & Beverages (Getränke)",
    "currentPrice": "0.99€",
    "oldPrice": "1.99€",
    "packageSize": "div. Sorten, 0.5 Liter",
    "unitPrice": "0.99/liter",
    "discount": "3+3 Gratis",
    "availabilityDateRange": "23.10. - 29.10.2025",
    "productHash": "coca-cola",
    "offerEndDate": "2024-05-15",
    "offerStartDate": "2024-05-15",
    "currentPriceNumeric": 0.99,
    "oldPriceNumeric": 1.99,
    "storeName": "BILLA",
    "searchTags": [
      "cola",
      "soft drink",
      "coca-cola",
      "limonade",
      "drink",
      "getränke"
    ]
  },
  {
    "productName": "Wieselburger Bier",
    "category": "Drinks & Beverages (Getränke)",
    "currentPrice": "13.80€",
    "oldPrice": "26.80€",
    "packageSize": "im 20er-Träger, 1 Kiste + 20 Flaschen",
    "unitPrice": "N/A",
    "discount": "48%",
    "availabilityDateRange": "23.10. - 29.10.2025",
    "productHash": "wieselburger-bier",
    "offerEndDate": "2024-05-15",
    "offerStartDate": "2024-05-15",
    "currentPriceNumeric": 13.8,
    "oldPriceNumeric": 26.8,
    "storeName": "BILLA",
    "searchTags": [
      "beer",
      "lager",
      "wieselburger",
      "bier",
      "alcoholic",
      "drink",
      "getränke"
    ]
  },
  {
    "productName": "Ja! Natürlich Bio Bananen",
    "category": "Fresh Produce (Obst & Gemüse)",
    "currentPrice": "1.49€",
    "oldPrice": "2.49€",
    "packageSize": "1 kg",
    "unitPrice": "N/A",
    "discount": "-40% billiger",
    "availabilityDateRange": "Freitag & Samstag 24.10. & 25.10.2025",
    "productHash": "ja-naturlich-bio-bananen",
    "offerEndDate": "2024-05-15",
    "offerStartDate": "2024-05-15",
    "currentPriceNumeric": 1.49,
    "oldPriceNumeric": 2.49,
    "storeName": "BILLA",
    "searchTags": [
      "banana",
      "organic banana",
      "bananen",
      "bio",
      "ja natürlich",
      "fruit",
      "obst & gemüse"
    ]
  },
  {
    "productName": "Milka Schokolade div. Sorten",
    "category": "Snacks & Confectionery (Süßwaren & Snacks)",
    "currentPrice": "0.99€",
    "oldPrice": "1.32€",
    "packageSize": "85 g - 100 g",
    "unitPrice": "N/A",
    "discount": "-25% BILLIGER",
    "availabilityDateRange": "Freitag & Samstag 24.10. & 25.10.2025",
    "productHash": "milka-schokolade-div-sorten",
    "offerEndDate": "2024-05-15",
    "offerStartDate": "2024-05-15",
    "currentPriceNumeric": 0.99,
    "oldPriceNumeric": 1.32,
    "storeName": "BILLA",
    "searchTags": [
      "chocolate",
      "milka",
      "schokolade",
      "sweets",
      "snacks",
      "süßwaren"
    ]
  },
  {
    "productName": "Ottakringer Helles od. Lager",
    "category": "Drinks & Beverages (Getränke)",
    "currentPrice": "0.59€",
    "oldPrice": "0.69€",
    "packageSize": "0.5 Liter",
    "unitPrice": "N/A",
    "discount": "-25% BILLIGER",
    "availabilityDateRange": "Freitag & Samstag 24.10. & 25.10.2025",
    "productHash": "ottakringer-helles-od-lager",
    "offerEndDate": "2024-05-15",
    "offerStartDate": "2024-05-15",
    "currentPriceNumeric": 0.59,
    "oldPriceNumeric": 0.69,
    "storeName": "BILLA",
    "searchTags": [
      "beer",
      "lager",
      "ottakringer",
      "helles",
      "bier",
      "alcoholic",
      "drink",
      "getränke"
    ]
  },
  {
    "productName": "Ja! Natürlich Bio-Wiesenhühner",
    "category": "Meat & Poultry (Fleisch & Geflügel)",
    "currentPrice": "7.49€",
    "oldPrice": "9.99€",
    "packageSize": "per Kilo",
    "unitPrice": "N/A",
    "discount": "-25% BILLIGER",
    "availabilityDateRange": "Freitag & Samstag 24.10. & 25.10.2025",
    "productHash": "ja-naturlich-bio-wiesenhuhner",
    "offerEndDate": "2024-05-15",
    "offerStartDate": "2024-05-15",
    "currentPriceNumeric": 7.49,
    "oldPriceNumeric": 9.99,
    "storeName": "BILLA",
    "searchTags": [
      "chicken",
      "organic chicken",
      "wiesenhühner",
      "bio",
      "ja natürlich",
      "poultry",
      "fleisch & geflügel"
    ]
  },
  {
    "productName": "Ja! Natürlich Bio-Selchkarree",
    "category": "Meat & Poultry (Fleisch & Geflügel)",
    "currentPrice": "22.43€",
    "oldPrice": "29.90€",
    "packageSize": "per Kilo",
    "unitPrice": "N/A",
    "discount": "-25% BILLIGER",
    "availabilityDateRange": "Freitag & Samstag 24.10. & 25.10.2025",
    "productHash": "ja-naturlich-bio-selchkarree",
    "offerEndDate": "2024-05-15",
    "offerStartDate": "2024-05-15",
    "currentPriceNumeric": 22.43,
    "oldPriceNumeric": 29.9,
    "storeName": "BILLA",
    "searchTags": [
      "smoked pork loin",
      "pork",
      "selchkarree",
      "bio",
      "ja natürlich",
      "meat",
      "fleisch & geflügel"
    ]
  },
  {
    "productName": "Ja! Natürlich Bio-Hendl-Keulen vom Wiesenhuhn",
    "category": "Meat & Poultry (Fleisch & Geflügel)",
    "currentPrice": "20.24€",
    "oldPrice": "26.99€",
    "packageSize": "per Kilo",
    "unitPrice": "N/A",
    "discount": "-25% BILLIGER",
    "availabilityDateRange": "Freitag & Samstag 24.10. & 25.10.2025",
    "productHash": "ja-naturlich-bio-hendl-keulen-vom-wiesenhuhn",
    "offerEndDate": "2024-05-15",
    "offerStartDate": "2024-05-15",
    "currentPriceNumeric": 20.24,
    "oldPriceNumeric": 26.99,
    "storeName": "BILLA",
    "searchTags": [
      "chicken legs",
      "organic chicken",
      "hendl-keulen",
      "wiesenhuhn",
      "bio",
      "ja natürlich",
      "poultry",
      "fleisch & geflügel"
    ]
  },
  {
    "productName": "Ja! Natürlich Bio-Extrawurst-Kranzl",
    "category": "Meat & Poultry (Fleisch & Geflügel)",
    "currentPrice": "2.47€",
    "oldPrice": "3.29€",
    "packageSize": "1 kg",
    "unitPrice": "N/A",
    "discount": "-25% BILLIGER",
    "availabilityDateRange": "Freitag & Samstag 24.10. & 25.10.2025",
    "productHash": "ja-naturlich-bio-extrawurst-kranzl",
    "offerEndDate": "2024-05-15",
    "offerStartDate": "2024-05-15",
    "currentPriceNumeric": 2.47,
    "oldPriceNumeric": 3.29,
    "storeName": "BILLA",
    "searchTags": [
      "sausage",
      "extrawurst",
      "kranzl",
      "bio",
      "ja natürlich",
      "meat",
      "wurst",
      "fleisch & geflügel"
    ]
  },
  {
    "productName": "Ja! Natürlich Bio-Marroni div. Sorten",
    "category": "Fresh Produce (Obst & Gemüse)",
    "currentPrice": "1.32€",
    "oldPrice": "1.75€",
    "packageSize": "200 g",
    "unitPrice": "N/A",
    "discount": "-25% BILLIGER",
    "availabilityDateRange": "Freitag & Samstag 24.10. & 25.10.2025",
    "productHash": "ja-naturlich-bio-marroni-div-sorten",
    "offerEndDate": "2024-05-15",
    "offerStartDate": "2024-05-15",
    "currentPriceNumeric": 1.32,
    "oldPriceNumeric": 1.75,
    "storeName": "BILLA",
    "searchTags": [
      "chestnuts",
      "marroni",
      "bio",
      "ja natürlich",
      "nuts",
      "fresh produce",
      "obst & gemüse"
    ]
  },
  {
    "productName": "Ja! Natürlich Bio-Grüner Veltliner",
    "category": "Drinks & Beverages (Getränke)",
    "currentPrice": "4.49€",
    "oldPrice": "5.99€",
    "packageSize": "0.75 Liter",
    "unitPrice": "N/A",
    "discount": "-25% BILLIGER",
    "availabilityDateRange": "Freitag & Samstag 24.10. & 25.10.2025",
    "productHash": "ja-naturlich-bio-gruner-veltliner",
    "offerEndDate": "2024-05-15",
    "offerStartDate": "2024-05-15",
    "currentPriceNumeric": 4.49,
    "oldPriceNumeric": 5.99,
    "storeName": "BILLA",
    "searchTags": [
      "wine",
      "organic wine",
      "grüner veltliner",
      "bio",
      "ja natürlich",
      "white wine",
      "wein",
      "alcoholic",
      "drink",
      "getränke"
    ]
  },
  {
    "productName": "Ja! Natürlich Bio-Olivenöl extra vergine",
    "category": "Pantry & Baking (Grundnahrungsmittel)",
    "currentPrice": "8.99€",
    "oldPrice": "11.99€",
    "packageSize": "1 Liter",
    "unitPrice": "N/A",
    "discount": "-25% BILLIGER",
    "availabilityDateRange": "Freitag & Samstag 24.10. & 25.10.2025",
    "productHash": "ja-naturlich-bio-olivenol-extra-vergine",
    "offerEndDate": "2024-05-16",
    "offerStartDate": "2024-05-16",
    "currentPriceNumeric": 8.99,
    "oldPriceNumeric": 11.99,
    "storeName": "BILLA",
    "searchTags": [
      "olivenöl",
      "olivenoel",
      "olive oil",
      "bio",
      "organic",
      "extra vergine",
      "cooking oil",
      "öl"
    ]
  },
  {
    "productName": "Billa Bio Bio-Müsli od. Bio-Granola div. Sorten",
    "category": "Pantry & Baking (Grundnahrungsmittel)",
    "currentPrice": "3.74€",
    "oldPrice": "4.99€",
    "packageSize": "300 g - 450 g",
    "unitPrice": "N/A",
    "discount": "-25% BILLIGER",
    "availabilityDateRange": "Freitag & Samstag 24.10. & 25.10.2025",
    "productHash": "billa-bio-bio-musli-granola",
    "offerEndDate": "2024-05-16",
    "offerStartDate": "2024-05-16",
    "currentPriceNumeric": 3.74,
    "oldPriceNumeric": 4.99,
    "storeName": "BILLA",
    "searchTags": [
      "müsli",
      "musli",
      "granola",
      "bio",
      "organic",
      "cereals",
      "frühstück",
      "breakfast",
      "billa"
    ]
  },
  {
    "productName": "Billa Bio Bio-Haferdrink div. Sorten",
    "category": "Drinks & Beverages (Getränke)",
    "currentPrice": "0.74€",
    "oldPrice": "0.99€",
    "packageSize": "1 Liter",
    "unitPrice": "N/A",
    "discount": "-25% BILLIGER",
    "availabilityDateRange": "Freitag & Samstag 24.10. & 25.10.2025",
    "productHash": "billa-bio-bio-haferdrink",
    "offerEndDate": "2024-05-16",
    "offerStartDate": "2024-05-16",
    "currentPriceNumeric": 0.74,
    "oldPriceNumeric": 0.99,
    "storeName": "BILLA",
    "searchTags": [
      "haferdrink",
      "oat drink",
      "oat milk",
      "bio",
      "organic",
      "pflanzlich",
      "plant-based",
      "drink",
      "getränk",
      "billa"
    ]
  },
  {
    "productName": "Lindt Excellence Schokolade div. Sorten",
    "category": "Snacks & Confectionery (Süßwaren & Snacks)",
    "currentPrice": "2.24€",
    "oldPrice": "2.99€",
    "packageSize": "50 g - 100 g",
    "unitPrice": "N/A",
    "discount": "-25% BILLIGER",
    "availabilityDateRange": "Freitag & Samstag 24.10. & 25.10.2025",
    "productHash": "lindt-excellence-schokolade",
    "offerEndDate": "2024-05-16",
    "offerStartDate": "2024-05-16",
    "currentPriceNumeric": 2.24,
    "oldPriceNumeric": 2.99,
    "storeName": "BILLA",
    "searchTags": [
      "lindt",
      "schokolade",
      "chocolate",
      "excellence",
      "süßigkeiten",
      "sweets",
      "candy",
      "bar",
      "tafel"
    ]
  },
  {
    "productName": "Kinder Riegel 10 Stk. od. Kinder Bueno 6 Stk. div. Sorten",
    "category": "Snacks & Confectionery (Süßwaren & Snacks)",
    "currentPrice": "2.62€",
    "oldPrice": "3.49€",
    "packageSize": "10 pcs / 6 pcs",
    "unitPrice": "N/A",
    "discount": "-25% BILLIGER",
    "availabilityDateRange": "Freitag & Samstag 24.10. & 25.10.2025",
    "productHash": "kinder-riegel-10-stk-kinder-bueno-6-stk",
    "offerEndDate": "2024-05-16",
    "offerStartDate": "2024-05-16",
    "currentPriceNumeric": 2.62,
    "oldPriceNumeric": 3.49,
    "storeName": "BILLA",
    "searchTags": [
      "kinder riegel",
      "kinder bueno",
      "chocolate bar",
      "süßigkeiten",
      "sweets",
      "candy",
      "kinder",
      "riegel",
      "bueno"
    ]
  },
  {
    "productName": "Casali Schoko Bananen",
    "category": "Snacks & Confectionery (Süßwaren & Snacks)",
    "currentPrice": "2.47€",
    "oldPrice": "3.29€",
    "packageSize": "24 Stück",
    "unitPrice": "N/A",
    "discount": "-25% BILLIGER",
    "availabilityDateRange": "Freitag & Samstag 24.10. & 25.10.2025",
    "productHash": "casali-schoko-bananen",
    "offerEndDate": "2024-05-16",
    "offerStartDate": "2024-05-16",
    "currentPriceNumeric": 2.47,
    "oldPriceNumeric": 3.29,
    "storeName": "BILLA",
    "searchTags": [
      "casali",
      "schoko bananen",
      "chocolate bananas",
      "süßigkeiten",
      "sweets",
      "candy",
      "dessert",
      "banana",
      "schoko"
    ]
  },
  {
    "productName": "Niemetz Schwedenbomben 6er div. Sorten",
    "category": "Snacks & Confectionery (Süßwaren & Snacks)",
    "currentPrice": "1.49€",
    "oldPrice": "1.99€",
    "packageSize": "6 pcs",
    "unitPrice": "N/A",
    "discount": "-25% BILLIGER",
    "availabilityDateRange": "Freitag & Samstag 24.10. & 25.10.2025",
    "productHash": "niemetz-schwedenbomben-6er",
    "offerEndDate": "2024-05-16",
    "offerStartDate": "2024-05-16",
    "currentPriceNumeric": 1.49,
    "oldPriceNumeric": 1.99,
    "storeName": "BILLA",
    "searchTags": [
      "niemetz",
      "schwedenbomben",
      "chocolate kisses",
      "foam kisses",
      "süßigkeiten",
      "sweets",
      "dessert",
      "meringue"
    ]
  },
  {
    "productName": "Kinder Schoko-Bons",
    "category": "Snacks & Confectionery (Süßwaren & Snacks)",
    "currentPrice": "2.47€",
    "oldPrice": "3.29€",
    "packageSize": "125 g - 160 g",
    "unitPrice": "N/A",
    "discount": "-25% BILLIGER",
    "availabilityDateRange": "Freitag & Samstag 24.10. & 25.10.2025",
    "productHash": "kinder-schoko-bons",
    "offerEndDate": "2024-05-16",
    "offerStartDate": "2024-05-16",
    "currentPriceNumeric": 2.47,
    "oldPriceNumeric": 3.29,
    "storeName": "BILLA",
    "searchTags": [
      "kinder",
      "schoko-bons",
      "chocolate bons",
      "bonbons",
      "süßigkeiten",
      "sweets",
      "candy",
      "chocolate"
    ]
  },
  {
    "productName": "Casali Rum-Kokos",
    "category": "Snacks & Confectionery (Süßwaren & Snacks)",
    "currentPrice": "2.24€",
    "oldPrice": "2.99€",
    "packageSize": "140 g - 175 g",
    "unitPrice": "N/A",
    "discount": "-25% BILLIGER",
    "availabilityDateRange": "Freitag & Samstag 24.10. & 25.10.2025",
    "productHash": "casali-rum-kokos",
    "offerEndDate": "2024-05-16",
    "offerStartDate": "2024-05-16",
    "currentPriceNumeric": 2.24,
    "oldPriceNumeric": 2.99,
    "storeName": "BILLA",
    "searchTags": [
      "casali",
      "rum-kokos",
      "rum coconut",
      "pralinen",
      "chocolates",
      "süßigkeiten",
      "sweets",
      "candy",
      "kokos"
    ]
  },
  {
    "productName": "Hirter Pils",
    "category": "Drinks & Beverages (Getränke)",
    "currentPrice": "15.90€",
    "oldPrice": "21.20€",
    "packageSize": "20 x 0.5 Liter Flaschen",
    "unitPrice": "N/A",
    "discount": "-25% BILLIGER",
    "availabilityDateRange": "Freitag & Samstag 24.10. & 25.10.2025",
    "productHash": "hirter-pils",
    "offerEndDate": "2024-05-16",
    "offerStartDate": "2024-05-16",
    "currentPriceNumeric": 15.9,
    "oldPriceNumeric": 21.2,
    "storeName": "BILLA",
    "searchTags": [
      "hirter",
      "pils",
      "bier",
      "beer",
      "lager",
      "alkohol",
      "alcoholic drink",
      "getränk",
      "brew"
    ]
  },
  {
    "productName": "Ottakringer Helles od. Lager",
    "category": "Drinks & Beverages (Getränke)",
    "currentPrice": "0.72€",
    "oldPrice": "0.96€",
    "packageSize": "0.5 Liter Dose",
    "unitPrice": "N/A",
    "discount": "-25% BILLIGER",
    "availabilityDateRange": "Freitag & Samstag 24.10. & 25.10.2025",
    "productHash": "ottakringer-helles-lager",
    "offerEndDate": "2024-05-16",
    "offerStartDate": "2024-05-16",
    "currentPriceNumeric": 0.72,
    "oldPriceNumeric": 0.96,
    "storeName": "BILLA",
    "searchTags": [
      "ottakringer",
      "helles",
      "lager",
      "bier",
      "beer",
      "alkohol",
      "alcoholic drink",
      "getränk",
      "brew"
    ]
  },
  {
    "productName": "Ottakringer Helles od. Lager",
    "category": "Drinks & Beverages (Getränke)",
    "currentPrice": "0.59€",
    "oldPrice": "0.79€",
    "packageSize": "0.5 Liter Dose",
    "unitPrice": "N/A",
    "discount": "-25% BILLIGER",
    "availabilityDateRange": "Freitag & Samstag 24.10. & 25.10.2025",
    "productHash": "ottakringer-helles-lager",
    "offerEndDate": "2024-05-16",
    "offerStartDate": "2024-05-16",
    "currentPriceNumeric": 0.59,
    "oldPriceNumeric": 0.79,
    "storeName": "BILLA",
    "searchTags": [
      "ottakringer",
      "helles",
      "lager",
      "bier",
      "beer",
      "alkohol",
      "alcoholic drink",
      "getränk",
      "brew"
    ]
  },
  {
    "productName": "Heidelbeeren",
    "category": "Fresh Produce (Obst & Gemüse)",
    "currentPrice": "1.49€",
    "oldPrice": "2.39€",
    "packageSize": "125 g Tasse",
    "unitPrice": "11.92/kg",
    "discount": "-37% billiger",
    "availabilityDateRange": "N/A",
    "productHash": "heidelbeeren",
    "offerEndDate": "2024-05-16",
    "offerStartDate": "2024-05-16",
    "currentPriceNumeric": 1.49,
    "oldPriceNumeric": 2.39,
    "storeName": "BILLA",
    "searchTags": [
      "heidelbeeren",
      "blaubeeren",
      "blueberries",
      "obst",
      "fruit",
      "frisch",
      "fresh",
      "beeren"
    ]
  },
  {
    "productName": "Eissalat",
    "category": "Fresh Produce (Obst & Gemüse)",
    "currentPrice": "1.19€",
    "oldPrice": "1.79€",
    "packageSize": "1 Stück",
    "unitPrice": "N/A",
    "discount": "-33% billiger",
    "availabilityDateRange": "N/A",
    "productHash": "eissalat",
    "offerEndDate": "2024-05-16",
    "offerStartDate": "2024-05-16",
    "currentPriceNumeric": 1.19,
    "oldPriceNumeric": 1.79,
    "storeName": "BILLA",
    "searchTags": [
      "eissalat",
      "iceberg lettuce",
      "salat",
      "lettuce",
      "gemüse",
      "vegetables",
      "frisch",
      "fresh",
      "greens"
    ]
  },
  {
    "productName": "Salatgurken",
    "category": "Fresh Produce (Obst & Gemüse)",
    "currentPrice": "0.99€",
    "oldPrice": "1.59€",
    "packageSize": "1 Stück",
    "unitPrice": "N/A",
    "discount": "-37% billiger",
    "availabilityDateRange": "N/A",
    "productHash": "salatgurken",
    "offerEndDate": "2024-05-16",
    "offerStartDate": "2024-05-16",
    "currentPriceNumeric": 0.99,
    "oldPriceNumeric": 1.59,
    "storeName": "BILLA",
    "searchTags": [
      "salatgurken",
      "cucumber",
      "gurken",
      "gemüse",
      "vegetables",
      "frisch",
      "fresh",
      "salad"
    ]
  },
  {
    "productName": "Festtags-Lungenbraten",
    "category": "Meat & Poultry (Fleisch & Geflügel)",
    "currentPrice": "10.99€",
    "oldPrice": "17.99€",
    "packageSize": "per Kilo",
    "unitPrice": "N/A",
    "discount": "-38% billiger",
    "availabilityDateRange": "N/A",
    "productHash": "festtags-lungenbraten",
    "offerEndDate": "2024-05-16",
    "offerStartDate": "2024-05-16",
    "currentPriceNumeric": 10.99,
    "oldPriceNumeric": 17.99,
    "storeName": "BILLA",
    "searchTags": [
      "lungenbraten",
      "beef tenderloin",
      "fleisch",
      "meat",
      "rindfleisch",
      "beef",
      "festtags",
      "braten",
      "roast"
    ]
  },
  {
    "productName": "clever Korree od. Schopf",
    "category": "Meat & Poultry (Fleisch & Geflügel)",
    "currentPrice": "6.99€",
    "oldPrice": "9.99€",
    "packageSize": "per Kilo",
    "unitPrice": "N/A",
    "discount": "-30% billiger",
    "availabilityDateRange": "N/A",
    "productHash": "clever-korree-schopf",
    "offerEndDate": "2024-05-16",
    "offerStartDate": "2024-05-16",
    "currentPriceNumeric": 6.99,
    "oldPriceNumeric": 9.99,
    "storeName": "BILLA",
    "searchTags": [
      "korree",
      "schopf",
      "pork loin",
      "pork neck",
      "schweinefleisch",
      "pork",
      "fleisch",
      "meat",
      "clever"
    ]
  },
  {
    "productName": "clever Hendlkeulen od. -brüste",
    "category": "Meat & Poultry (Fleisch & Geflügel)",
    "currentPrice": "6.99€",
    "oldPrice": "9.99€",
    "packageSize": "per Kilo",
    "unitPrice": "N/A",
    "discount": "-30% billiger",
    "availabilityDateRange": "N/A",
    "productHash": "clever-hendlkeulen-bruste",
    "offerEndDate": "2024-05-16",
    "offerStartDate": "2024-05-16",
    "currentPriceNumeric": 6.99,
    "oldPriceNumeric": 9.99,
    "storeName": "BILLA",
    "searchTags": [
      "hendlkeulen",
      "hendlbrüste",
      "chicken thighs",
      "chicken breasts",
      "geflügel",
      "poultry",
      "huhn",
      "chicken",
      "fleisch",
      "meat"
    ]
  },
  {
    "productName": "Hofstätter Festtagschinken",
    "category": "Meat & Poultry (Fleisch & Geflügel)",
    "currentPrice": "1.79€",
    "oldPrice": "2.49€",
    "packageSize": "100 g",
    "unitPrice": "17.90/kg",
    "discount": "-28% billiger",
    "availabilityDateRange": "N/A",
    "productHash": "hofstatter-festtagschinken",
    "offerEndDate": "2024-05-16",
    "offerStartDate": "2024-05-16",
    "currentPriceNumeric": 1.79,
    "oldPriceNumeric": 2.49,
    "storeName": "BILLA",
    "searchTags": [
      "hofstätter",
      "festtagschinken",
      "ham",
      "schinken",
      "meat",
      "fleisch",
      "aufschnitt",
      "deli meat",
      "festtag"
    ]
  },
  {
    "productName": "Berger Partner- od. Paprikahuhn",
    "category": "Meat & Poultry (Fleisch & Geflügel)",
    "currentPrice": "1.75€",
    "oldPrice": "2.29€",
    "packageSize": "270 g",
    "unitPrice": "N/A",
    "discount": "2+1 gratis",
    "availabilityDateRange": "N/A",
    "productHash": "berger-partner-paprikahuhn",
    "offerEndDate": "2024-05-16",
    "offerStartDate": "2024-05-16",
    "currentPriceNumeric": 1.75,
    "oldPriceNumeric": 2.29,
    "storeName": "BILLA",
    "searchTags": [
      "berger",
      "paprikahuhn",
      "chicken with paprika",
      "geflügel",
      "poultry",
      "huhn",
      "chicken",
      "fleisch",
      "meat",
      "partnerhuhn"
    ]
  },
  {
    "productName": "Nöm Fru fru div. Sorten",
    "category": "Dairy & Eggs (Milchprodukte & Eier)",
    "currentPrice": "0.49€",
    "oldPrice": "0.92€",
    "packageSize": "200 g",
    "unitPrice": "N/A",
    "discount": "2+2 gratis",
    "availabilityDateRange": "N/A",
    "productHash": "nom-fru-fru",
    "offerEndDate": "2024-05-16",
    "offerStartDate": "2024-05-16",
    "currentPriceNumeric": 0.49,
    "oldPriceNumeric": 0.92,
    "storeName": "BILLA",
    "searchTags": [
      "nöm",
      "fru fru",
      "joghurt",
      "yogurt",
      "fruit yogurt",
      "milchprodukt",
      "dairy",
      "frühstück",
      "dessert"
    ]
  },
  {
    "productName": "Nöm PRO Protein-Drink div. Sorten",
    "category": "Dairy & Eggs (Milchprodukte & Eier)",
    "currentPrice": "1.22€",
    "oldPrice": "1.99€",
    "packageSize": "350 g",
    "unitPrice": "N/A",
    "discount": "2+2 gratis",
    "availabilityDateRange": "N/A",
    "productHash": "nom-pro-protein-drink",
    "offerEndDate": "2024-05-16",
    "offerStartDate": "2024-05-16",
    "currentPriceNumeric": 1.22,
    "oldPriceNumeric": 1.99,
    "storeName": "BILLA",
    "searchTags": [
      "nöm pro",
      "protein drink",
      "eiweißgetränk",
      "milchprodukt",
      "dairy",
      "drink",
      "fitness",
      "sports nutrition"
    ]
  },
  {
    "productName": "Salzburgmilch Bergbauern Fruchtjoghurt",
    "category": "Dairy & Eggs (Milchprodukte & Eier)",
    "currentPrice": "1.54€",
    "oldPrice": "2.29€",
    "packageSize": "400 g",
    "unitPrice": "N/A",
    "discount": "2+2 gratis",
    "availabilityDateRange": "N/A",
    "productHash": "salzburgmilch-bergbauern-fruchtjoghurt",
    "offerEndDate": "2024-05-16",
    "offerStartDate": "2024-05-16",
    "currentPriceNumeric": 1.54,
    "oldPriceNumeric": 2.29,
    "storeName": "BILLA",
    "searchTags": [
      "salzburgmilch",
      "bergbauern",
      "fruchtjoghurt",
      "fruit yogurt",
      "joghurt",
      "yogurt",
      "milchprodukt",
      "dairy",
      "bio",
      "organic"
    ]
  },
  {
    "productName": "Schärdinger Bergbauern Heumilchkäse",
    "category": "Dairy & Eggs (Milchprodukte & Eier)",
    "currentPrice": "5.99€",
    "oldPrice": "N/A",
    "packageSize": "1 kg",
    "unitPrice": "N/A",
    "discount": "N/A",
    "availabilityDateRange": "N/A",
    "productHash": "schardinger-bergbauern-heumilchkase",
    "offerEndDate": "2024-05-16",
    "offerStartDate": "2024-05-16",
    "currentPriceNumeric": 5.99,
    "oldPriceNumeric": null,
    "storeName": "BILLA",
    "searchTags": [
      "schärdinger",
      "bergbauern",
      "heumilchkäse",
      "cheese",
      "käse",
      "milchprodukt",
      "dairy",
      "hay milk",
      "hard cheese"
    ]
  },
  {
    "productName": "Iglo Cremespinat",
    "category": "Frozen Foods (Tiefkühl)",
    "currentPrice": "1.74€",
    "oldPrice": "3.70€",
    "packageSize": "530 g",
    "unitPrice": "N/A",
    "discount": "1+1 gratis",
    "availabilityDateRange": "N/A",
    "productHash": "iglo-cremespinat",
    "offerEndDate": "2024-05-16",
    "offerStartDate": "2024-05-16",
    "currentPriceNumeric": 1.74,
    "oldPriceNumeric": 3.7,
    "storeName": "BILLA",
    "searchTags": [
      "iglo",
      "cremespinat",
      "spinat",
      "creamed spinach",
      "tiefkühl",
      "frozen",
      "gemüse",
      "vegetables",
      "convenience"
    ]
  },
  {
    "productName": "Iglo Atlantik Lachs, Forelle, Welsfileisch, Pangasiusfilet MSC od. Zander",
    "category": "Frozen Foods (Tiefkühl)",
    "currentPrice": "7.99€",
    "oldPrice": "15.52€",
    "packageSize": "250 g",
    "unitPrice": "N/A",
    "discount": "1+1 gratis",
    "availabilityDateRange": "N/A",
    "productHash": "iglo-atlantik-lachs-forelle-welsfileisch-pangasiusfilet-msc-zander",
    "offerEndDate": "2024-05-16",
    "offerStartDate": "2024-05-16",
    "currentPriceNumeric": 7.99,
    "oldPriceNumeric": 15.52,
    "storeName": "BILLA",
    "searchTags": [
      "iglo",
      "atlantik lachs",
      "forelle",
      "welsfileisch",
      "pangasiusfilet",
      "zander",
      "fisch",
      "fish",
      "tiefkühl",
      "frozen",
      "seafood"
    ]
  },
  {
    "productName": "Krapfen Marille",
    "category": "Bread & Bakery (Brot & Gebäck)",
    "currentPrice": "0.69€",
    "oldPrice": "1.19€",
    "packageSize": "1 Stück",
    "unitPrice": "N/A",
    "discount": "-42% billiger",
    "availabilityDateRange": "N/A",
    "productHash": "krapfen-marille",
    "offerEndDate": "2024-05-16",
    "offerStartDate": "2024-05-16",
    "currentPriceNumeric": 0.69,
    "oldPriceNumeric": 1.19,
    "storeName": "BILLA",
    "searchTags": [
      "krapfen",
      "marille",
      "apricot donut",
      "berliner",
      "gebäck",
      "pastry",
      "süßgebäck",
      "donut",
      "faschingskrapfen"
    ]
  },
  {
    "productName": "Die Germknödel süß",
    "category": "Frozen Foods (Tiefkühl)",
    "currentPrice": "1.99€",
    "oldPrice": "3.99€",
    "packageSize": "1 Stk",
    "unitPrice": "N/A",
    "discount": "1+1 gratis",
    "availabilityDateRange": "N/A",
    "productHash": "die-germknodel-suss",
    "offerEndDate": "2024-05-16",
    "offerStartDate": "2024-05-16",
    "currentPriceNumeric": 1.99,
    "oldPriceNumeric": 3.99,
    "storeName": "BILLA",
    "searchTags": [
      "germknödel",
      "sweet yeast dumpling",
      "tiefkühl",
      "frozen",
      "dessert",
      "süßspeise",
      "knödel",
      "dumpling"
    ]
  },
  {
    "productName": "Bananentorte",
    "category": "Snacks & Confectionery (Süßwaren & Snacks)",
    "currentPrice": "24.99€",
    "oldPrice": "29.99€",
    "packageSize": "Ø 22 cm, ca. 12 Portionen",
    "unitPrice": "N/A",
    "discount": "N/A",
    "availabilityDateRange": "N/A",
    "productHash": "bananentorte",
    "offerEndDate": "2024-05-16",
    "offerStartDate": "2024-05-16",
    "currentPriceNumeric": 24.99,
    "oldPriceNumeric": 29.99,
    "storeName": "BILLA",
    "searchTags": [
      "bananentorte",
      "banana cake",
      "torte",
      "cake",
      "gebäck",
      "pastry",
      "dessert",
      "banana",
      "kuchen"
    ]
  },
  {
    "productName": "Nutella",
    "category": "Pantry & Baking (Grundnahrungsmittel)",
    "currentPrice": "4.99€",
    "oldPrice": "8.29€",
    "packageSize": "750 g",
    "unitPrice": "6.65/kg",
    "discount": "-40% billiger",
    "availabilityDateRange": "N/A",
    "productHash": "nutella",
    "offerEndDate": "2024-05-16",
    "offerStartDate": "2024-05-16",
    "currentPriceNumeric": 4.99,
    "oldPriceNumeric": 8.29,
    "storeName": "BILLA",
    "searchTags": [
      "nutella",
      "schokoaufstrich",
      "chocolate spread",
      "brotaufstrich",
      "breakfast",
      "frühstück",
      "haselnuss",
      "hazelnut",
      "süßigkeiten"
    ]
  },
  {
    "productName": "Kärntner Olivenöl",
    "category": "Pantry & Baking (Grundnahrungsmittel)",
    "currentPrice": "7.99€",
    "oldPrice": "10.99€",
    "packageSize": "0.75 Liter Flasche",
    "unitPrice": "10.65/Liter",
    "discount": "-27% billiger",
    "availabilityDateRange": "N/A",
    "productHash": "karntner-olivenol",
    "offerEndDate": "2024-05-16",
    "offerStartDate": "2024-05-16",
    "currentPriceNumeric": 7.99,
    "oldPriceNumeric": 10.99,
    "storeName": "BILLA",
    "searchTags": [
      "kärntner",
      "olivenöl",
      "olivenoel",
      "olive oil",
      "speiseöl",
      "cooking oil",
      "öl",
      "oil",
      "küche"
    ]
  },
  {
    "productName": "Lorenz Crunchips",
    "category": "Snacks & Confectionery (Süßwaren & Snacks)",
    "currentPrice": "1.39€",
    "oldPrice": "2.29€",
    "packageSize": "150 g - 175 g",
    "unitPrice": "N/A",
    "discount": "1+1 gratis",
    "availabilityDateRange": "N/A",
    "productHash": "lorenz-crunchips",
    "offerEndDate": "2024-05-16",
    "offerStartDate": "2024-05-16",
    "currentPriceNumeric": 1.39,
    "oldPriceNumeric": 2.29,
    "storeName": "BILLA",
    "searchTags": [
      "lorenz",
      "crunchips",
      "chips",
      "kartoffelchips",
      "potato chips",
      "snacks",
      "knabbereien",
      "salzig",
      "salty"
    ]
  },
  {
    "productName": "Dallmayr Prodomo",
    "category": "Pantry & Baking (Grundnahrungsmittel)",
    "currentPrice": "19.99€",
    "oldPrice": "29.99€",
    "packageSize": "1 kg",
    "unitPrice": "N/A",
    "discount": "-33% billiger",
    "availabilityDateRange": "N/A",
    "productHash": "dallmayr-prodomo",
    "offerEndDate": "2024-05-16",
    "offerStartDate": "2024-05-16",
    "currentPriceNumeric": 19.99,
    "oldPriceNumeric": 29.99,
    "storeName": "BILLA",
    "searchTags": [
      "dallmayr",
      "prodomo",
      "kaffee",
      "coffee",
      "bohnen",
      "beans",
      "gemahlen",
      "ground",
      "getränk",
      "beverage"
    ]
  },
  {
    "productName": "Coca-Cola, Fanta, Sprite od. Mezzo Mix div. Sorten",
    "category": "Drinks & Beverages (Getränke)",
    "currentPrice": "0.99€",
    "oldPrice": "1.99€",
    "packageSize": "1.5 Liter",
    "unitPrice": "N/A",
    "discount": "3+3 gratis",
    "availabilityDateRange": "N/A",
    "productHash": "coca-cola-fanta-sprite-mezzo-mix",
    "offerEndDate": "2024-05-16",
    "offerStartDate": "2024-05-16",
    "currentPriceNumeric": 0.99,
    "oldPriceNumeric": 1.99,
    "storeName": "BILLA",
    "searchTags": [
      "coca-cola",
      "fanta",
      "sprite",
      "mezzo mix",
      "limonade",
      "soft drink",
      "erfrischungsgetränk",
      "soda",
      "getränk"
    ]
  },
  {
    "productName": "Egger Apfel gespritzt od. Limonade",
    "category": "Drinks & Beverages (Getränke)",
    "currentPrice": "0.99€",
    "oldPrice": "1.99€",
    "packageSize": "1.5 Liter",
    "unitPrice": "N/A",
    "discount": "3+3 gratis",
    "availabilityDateRange": "N/A",
    "productHash": "egger-apfel-gespritzt-limonade",
    "offerEndDate": "2024-05-16",
    "offerStartDate": "2024-05-16",
    "currentPriceNumeric": 0.99,
    "oldPriceNumeric": 1.99,
    "storeName": "BILLA",
    "searchTags": [
      "egger",
      "apfel gespritzt",
      "limonade",
      "lemonade",
      "apple spritzer",
      "soft drink",
      "erfrischungsgetränk",
      "getränk",
      "fruit drink"
    ]
  },
  {
    "productName": "Egger div. Sorten",
    "category": "Drinks & Beverages (Getränke)",
    "currentPrice": "0.57€",
    "oldPrice": "1.39€",
    "packageSize": "0.5 Liter",
    "unitPrice": "N/A",
    "discount": "12+12 gratis",
    "availabilityDateRange": "N/A",
    "productHash": "egger",
    "offerEndDate": "2024-05-16",
    "offerStartDate": "2024-05-16",
    "currentPriceNumeric": 0.57,
    "oldPriceNumeric": 1.39,
    "storeName": "BILLA",
    "searchTags": [
      "egger",
      "limonade",
      "lemonade",
      "soft drink",
      "erfrischungsgetränk",
      "getränk",
      "beverage",
      "sirup"
    ]
  },
  {
    "productName": "Heineken Lager",
    "category": "Drinks & Beverages (Getränke)",
    "currentPrice": "0.89€",
    "oldPrice": "1.39€",
    "packageSize": "0.5 Liter Dose",
    "unitPrice": "N/A",
    "discount": "4+4 gratis",
    "availabilityDateRange": "N/A",
    "productHash": "heineken-lager",
    "offerEndDate": "2024-05-16",
    "offerStartDate": "2024-05-16",
    "currentPriceNumeric": 0.89,
    "oldPriceNumeric": 1.39,
    "storeName": "BILLA",
    "searchTags": [
      "heineken",
      "lager",
      "bier",
      "beer",
      "alkohol",
      "alcoholic drink",
      "getränk",
      "brew"
    ]
  },
  {
    "productName": "Gösser Naturradler, Naturzitrone od. Naturgold",
    "category": "Drinks & Beverages (Getränke)",
    "currentPrice": "0.69€",
    "oldPrice": "1.29€",
    "packageSize": "0.5 Liter Dose",
    "unitPrice": "N/A",
    "discount": "12+12 gratis",
    "availabilityDateRange": "N/A",
    "productHash": "gosser-naturradler-naturzitrone-naturgold",
    "offerEndDate": "2024-05-16",
    "offerStartDate": "2024-05-16",
    "currentPriceNumeric": 0.69,
    "oldPriceNumeric": 1.29,
    "storeName": "BILLA",
    "searchTags": [
      "gösser",
      "naturradler",
      "naturzitrone",
      "naturgold",
      "radler",
      "beer mix",
      "bier",
      "beer",
      "alkoholfrei",
      "non-alcoholic"
    ]
  },
  {
    "productName": "Samson Lager",
    "category": "Drinks & Beverages (Getränke)",
    "currentPrice": "10.99€",
    "oldPrice": "16.20€",
    "packageSize": "20 Flaschen (0.5 Liter)",
    "unitPrice": "N/A",
    "discount": "-32.16% billiger",
    "availabilityDateRange": "N/A",
    "productHash": "samson-lager",
    "offerEndDate": "2024-05-16",
    "offerStartDate": "2024-05-16",
    "currentPriceNumeric": 10.99,
    "oldPriceNumeric": 16.2,
    "storeName": "BILLA",
    "searchTags": [
      "samson",
      "lager",
      "bier",
      "beer",
      "alkohol",
      "alcoholic drink",
      "getränk",
      "brew"
    ]
  },
  {
    "productName": "Johnnie Walker Red Label",
    "category": "Drinks & Beverages (Getränke)",
    "currentPrice": "20.99€",
    "oldPrice": "25.00€",
    "packageSize": "1 Liter",
    "unitPrice": "N/A",
    "discount": "-16% billiger",
    "availabilityDateRange": "N/A",
    "productHash": "johnnie-walker-red-label",
    "offerEndDate": "2024-05-16",
    "offerStartDate": "2024-05-16",
    "currentPriceNumeric": 20.99,
    "oldPriceNumeric": 25.0,
    "storeName": "BILLA",
    "searchTags": [
      "johnnie walker",
      "red label",
      "whisky",
      "whiskey",
      "scotch",
      "alkohol",
      "alcoholic drink",
      "getränk",
      "spirituose"
    ]
  },
  {
    "productName": "Hendrick's Gin",
    "category": "Drinks & Beverages (Getränke)",
    "currentPrice": "29.90€",
    "oldPrice": "45.00€",
    "packageSize": "0.7 Liter Flasche",
    "unitPrice": "N/A",
    "discount": "-33.56% billiger",
    "availabilityDateRange": "N/A",
    "productHash": "hendrick-s-gin",
    "offerEndDate": "2024-05-16",
    "offerStartDate": "2024-05-16",
    "currentPriceNumeric": 29.9,
    "oldPriceNumeric": 45.0,
    "storeName": "BILLA",
    "searchTags": [
      "hendrick's",
      "gin",
      "spirituose",
      "alcohol",
      "cocktail",
      "getränk",
      "tonic",
      "alkoholisch"
    ]
  },
  {
    "productName": "Somat Tabs XXL od. XXXL div. Sorten",
    "category": "Household & Cleaning (Haushalt)",
    "currentPrice": "6.29€",
    "oldPrice": "8.29€",
    "packageSize": "36-84 Stück",
    "unitPrice": "N/A",
    "discount": "-24% billiger",
    "availabilityDateRange": "N/A",
    "productHash": "somat-tabs-xxl-xxxl",
    "offerEndDate": "2024-05-16",
    "offerStartDate": "2024-05-16",
    "currentPriceNumeric": 6.29,
    "oldPriceNumeric": 8.29,
    "storeName": "BILLA",
    "searchTags": [
      "somat",
      "tabs",
      "geschirrspüler",
      "dishwasher tabs",
      "reinigung",
      "cleaning",
      "haushalt",
      "household",
      "spülmittel"
    ]
  },
  {
    "productName": "Tempo Taschentücher",
    "category": "Household & Cleaning (Haushalt)",
    "currentPrice": "4.99€",
    "oldPrice": "N/A",
    "packageSize": "30 x 10 Stk. Trio Box",
    "unitPrice": "N/A",
    "discount": "N/A",
    "availabilityDateRange": "N/A",
    "productHash": "tempo-taschentucher",
    "offerEndDate": "2024-05-16",
    "offerStartDate": "2024-05-16",
    "currentPriceNumeric": 4.99,
    "oldPriceNumeric": null,
    "storeName": "BILLA",
    "searchTags": [
      "tempo",
      "taschentücher",
      "tissues",
      "papertowels",
      "hygiene",
      "haushalt",
      "household",
      "soft",
      "handy"
    ]
  },
  {
    "productName": "Weißer Riese od. Spee Universal od. Color",
    "category": "Household & Cleaning (Haushalt)",
    "currentPrice": "15.99€",
    "oldPrice": "N/A",
    "packageSize": "90-100 Waschladungen",
    "unitPrice": "N/A",
    "discount": "N/A",
    "availabilityDateRange": "N/A",
    "productHash": "weisser-riese-spee-universal-color",
    "offerEndDate": "2024-05-16",
    "offerStartDate": "2024-05-16",
    "currentPriceNumeric": 15.99,
    "oldPriceNumeric": null,
    "storeName": "BILLA",
    "searchTags": [
      "weißer riese",
      "spee",
      "waschmittel",
      "detergent",
      "universal",
      "color",
      "reinigung",
      "cleaning",
      "wäsche",
      "laundry"
    ]
  },
  {
    "productName": "Ja! Natürlich Bio Hokkaido-Kürbis",
    "category": "Fresh Produce (Obst & Gemüse)",
    "currentPrice": "1.34€",
    "oldPrice": "1.79€",
    "packageSize": "per Kilo",
    "unitPrice": "N/A",
    "discount": "-25% BILLIGER",
    "availabilityDateRange": "Freitag & Samstag",
    "productHash": "ja-naturlich-bio-hokkaido-kurbis",
    "offerEndDate": "2024-05-16",
    "offerStartDate": "2024-05-16",
    "currentPriceNumeric": 1.34,
    "oldPriceNumeric": 1.79,
    "storeName": "BILLA",
    "searchTags": [
      "hokkaido-kürbis",
      "hokkaido pumpkin",
      "kürbis",
      "pumpkin",
      "gemüse",
      "vegetables",
      "bio",
      "organic",
      "ja! natürlich",
      "frisch"
    ]
  },
  {
    "productName": "Billa Plus Kürbis-Süßkartoffel-Mix",
    "category": "Fresh Produce (Obst & Gemüse)",
    "currentPrice": "0.69€",
    "oldPrice": "0.89€",
    "packageSize": "250 g",
    "unitPrice": "2.76/kg",
    "discount": "-0.20€ billiger",
    "availabilityDateRange": "N/A",
    "productHash": "billa-plus-kurbis-susskartoffel-mix",
    "offerEndDate": "2024-05-16",
    "offerStartDate": "2024-05-16",
    "currentPriceNumeric": 0.69,
    "oldPriceNumeric": 0.89,
    "storeName": "BILLA",
    "searchTags": [
      "kürbis",
      "süßkartoffel",
      "pumpkin",
      "sweet potato",
      "gemüse",
      "vegetables",
      "mix",
      "frisch",
      "billa plus"
    ]
  },
  {
    "productName": "Ja! Natürlich Bio-Äpfel rot od. grün",
    "category": "Fresh Produce (Obst & Gemüse)",
    "currentPrice": "2.09€",
    "oldPrice": "2.79€",
    "packageSize": "per Kilo",
    "unitPrice": "N/A",
    "discount": "-25% BILLIGER",
    "availabilityDateRange": "Freitag & Samstag",
    "productHash": "ja-naturlich-bio-apfel-rot-grun",
    "offerEndDate": "2024-05-16",
    "offerStartDate": "2024-05-16",
    "currentPriceNumeric": 2.09,
    "oldPriceNumeric": 2.79,
    "storeName": "BILLA",
    "searchTags": [
      "äpfel",
      "apples",
      "obst",
      "fruit",
      "bio",
      "organic",
      "rot",
      "grün",
      "red",
      "green",
      "ja! natürlich"
    ]
  },
  {
    "productName": "Ja! Natürlich Bio-Champignons",
    "category": "Fresh Produce (Obst & Gemüse)",
    "currentPrice": "1.87€",
    "oldPrice": "2.49€",
    "packageSize": "200 g Packung",
    "unitPrice": "9.35/kg",
    "discount": "-25% BILLIGER",
    "availabilityDateRange": "Freitag & Samstag",
    "productHash": "ja-naturlich-bio-champignons",
    "offerEndDate": "2024-05-16",
    "offerStartDate": "2024-05-16",
    "currentPriceNumeric": 1.87,
    "oldPriceNumeric": 2.49,
    "storeName": "BILLA",
    "searchTags": [
      "champignons",
      "mushrooms",
      "pilze",
      "gemüse",
      "vegetables",
      "bio",
      "organic",
      "frisch",
      "fresh",
      "ja! natürlich"
    ]
  },
  {
    "productName": "Ja! Natürlich Bio-Zucchini",
    "category": "Fresh Produce (Obst & Gemüse)",
    "currentPrice": "0.89€",
    "oldPrice": "1.19€",
    "packageSize": "1 Stück",
    "unitPrice": "N/A",
    "discount": "-25% BILLIGER",
    "availabilityDateRange": "Freitag & Samstag",
    "productHash": "ja-naturlich-bio-zucchini",
    "offerEndDate": "2024-05-16",
    "offerStartDate": "2024-05-16",
    "currentPriceNumeric": 0.89,
    "oldPriceNumeric": 1.19,
    "storeName": "BILLA",
    "searchTags": [
      "zucchini",
      "courgette",
      "gemüse",
      "vegetables",
      "bio",
      "organic",
      "frisch",
      "fresh",
      "ja! natürlich"
    ]
  },
  {
    "productName": "Korbella Bio-Käferbohnen",
    "category": "Pantry & Baking (Grundnahrungsmittel)",
    "currentPrice": "0.59€",
    "oldPrice": "0.99€",
    "packageSize": "400 g Dose",
    "unitPrice": "N/A",
    "discount": "-40% billiger",
    "availabilityDateRange": "N/A",
    "productHash": "korbella-bio-kaferbohnen",
    "offerEndDate": "2024-05-16",
    "offerStartDate": "2024-05-16",
    "currentPriceNumeric": 0.59,
    "oldPriceNumeric": 0.99,
    "storeName": "BILLA",
    "searchTags": [
      "käferbohnen",
      "scarlet runner beans",
      "bohnen",
      "beans",
      "bio",
      "organic",
      "hülsenfrüchte",
      "legumes",
      "korbella"
    ]
  },
  {
    "productName": "Kartoffel",
    "category": "Fresh Produce (Obst & Gemüse)",
    "currentPrice": "1.59€",
    "oldPrice": "2.49€",
    "packageSize": "1.5 kg Sack",
    "unitPrice": "N/A",
    "discount": "-36% billiger",
    "availabilityDateRange": "N/A",
    "productHash": "kartoffel",
    "offerEndDate": "2024-05-16",
    "offerStartDate": "2024-05-16",
    "currentPriceNumeric": 1.59,
    "oldPriceNumeric": 2.49,
    "storeName": "BILLA",
    "searchTags": [
      "kartoffel",
      "potato",
      "erdäpfel",
      "gemüse",
      "vegetables",
      "knolle",
      "root vegetable",
      "frisch",
      "fresh"
    ]
  },
  {
    "productName": "Orangenschnittenblock",
    "category": "Snacks & Confectionery (Süßwaren & Snacks)",
    "currentPrice": "7.99€",
    "oldPrice": "8.99€",
    "packageSize": "ca. 3-4 Portionen",
    "unitPrice": "N/A",
    "discount": "-1.00€ billiger",
    "availabilityDateRange": "N/A",
    "productHash": "orangenschnittenblock",
    "offerEndDate": "2024-05-16",
    "offerStartDate": "2024-05-16",
    "currentPriceNumeric": 7.99,
    "oldPriceNumeric": 8.99,
    "storeName": "BILLA",
    "searchTags": [
      "orangenschnittenblock",
      "orange cake",
      "schnitten",
      "cake slices",
      "gebäck",
      "pastry",
      "dessert",
      "kuchen",
      "süß"
    ]
  },
  {
    "productName": "Erdbeer Joghurt schnitte",
    "category": "Snacks & Confectionery (Süßwaren & Snacks)",
    "currentPrice": "3.19€",
    "oldPrice": "3.69€",
    "packageSize": "N/A",
    "unitPrice": "N/A",
    "discount": "-0.50€ billiger",
    "availabilityDateRange": "N/A",
    "productHash": "erdbeer-joghurt-schnitte",
    "offerEndDate": "2024-05-16",
    "offerStartDate": "2024-05-16",
    "currentPriceNumeric": 3.19,
    "oldPriceNumeric": 3.69,
    "storeName": "BILLA",
    "searchTags": [
      "erdbeer joghurt schnitte",
      "strawberry yogurt cake",
      "schnitten",
      "cake slices",
      "gebäck",
      "pastry",
      "dessert",
      "erdbeer",
      "joghurt"
    ]
  },
  {
    "productName": "Halloween-Törtchen",
    "category": "Snacks & Confectionery (Süßwaren & Snacks)",
    "currentPrice": "1.69€",
    "oldPrice": "N/A",
    "packageSize": "1 Stück",
    "unitPrice": "N/A",
    "discount": "N/A",
    "availabilityDateRange": "N/A",
    "productHash": "halloween-tortchen",
    "offerEndDate": "2024-05-16",
    "offerStartDate": "2024-05-16",
    "currentPriceNumeric": 1.69,
    "oldPriceNumeric": null,
    "storeName": "BILLA",
    "searchTags": [
      "halloween-törtchen",
      "halloween tartlet",
      "törtchen",
      "tartlet",
      "gebäck",
      "pastry",
      "dessert",
      "süß",
      "halloween"
    ]
  },
  {
    "productName": "Topfenoberschnitte",
    "category": "Snacks & Confectionery (Süßwaren & Snacks)",
    "currentPrice": "3.19€",
    "oldPrice": "3.69€",
    "packageSize": "N/A",
    "unitPrice": "N/A",
    "discount": "-0.50€ billiger",
    "availabilityDateRange": "N/A",
    "productHash": "topfenoberschnitte",
    "offerEndDate": "2024-05-16",
    "offerStartDate": "2024-05-16",
    "currentPriceNumeric": 3.19,
    "oldPriceNumeric": 3.69,
    "storeName": "BILLA",
    "searchTags": [
      "topfenoberschnitte",
      "curd cream cake",
      "schnitten",
      "cake slices",
      "gebäck",
      "pastry",
      "dessert",
      "topfen",
      "quark"
    ]
  },
  {
    "productName": "Cremeschnittenblock",
    "category": "Snacks & Confectionery (Süßwaren & Snacks)",
    "currentPrice": "7.99€",
    "oldPrice": "8.99€",
    "packageSize": "per Packung",
    "unitPrice": "N/A",
    "discount": "-1.00€ billiger",
    "availabilityDateRange": "N/A",
    "productHash": "cremeschnittenblock",
    "offerEndDate": "2024-05-16",
    "offerStartDate": "2024-05-16",
    "currentPriceNumeric": 7.99,
    "oldPriceNumeric": 8.99,
    "storeName": "BILLA",
    "searchTags": [
      "cremeschnittenblock",
      "cream slice cake",
      "schnitten",
      "cake slices",
      "gebäck",
      "pastry",
      "dessert",
      "creme",
      "vanille"
    ]
  },
  {
    "productName": "Cardinal-Schnittenblock",
    "category": "Snacks & Confectionery (Süßwaren & Snacks)",
    "currentPrice": "7.99€",
    "oldPrice": "8.99€",
    "packageSize": "per Packung",
    "unitPrice": "N/A",
    "discount": "-1.00€ billiger",
    "availabilityDateRange": "N/A",
    "productHash": "cardinal-schnittenblock",
    "offerEndDate": "2024-05-16",
    "offerStartDate": "2024-05-16",
    "currentPriceNumeric": 7.99,
    "oldPriceNumeric": 8.99,
    "storeName": "BILLA",
    "searchTags": [
      "cardinal-schnittenblock",
      "cardinal cake",
      "schnitten",
      "cake slices",
      "gebäck",
      "pastry",
      "dessert",
      "kuchen",
      "biskuit"
    ]
  },
  {
    "productName": "Handgemacht Weizenbrot",
    "category": "Bread & Bakery (Brot & Gebäck)",
    "currentPrice": "4.79€",
    "oldPrice": "4.99€",
    "packageSize": "1 kg",
    "unitPrice": "N/A",
    "discount": "-0.20€ billiger",
    "availabilityDateRange": "N/A",
    "productHash": "handgemacht-weizenbrot",
    "offerEndDate": "2024-05-16",
    "offerStartDate": "2024-05-16",
    "currentPriceNumeric": 4.79,
    "oldPriceNumeric": 4.99,
    "storeName": "BILLA",
    "searchTags": [
      "weizenbrot",
      "wheat bread",
      "brot",
      "bread",
      "gebäck",
      "bakery",
      "handgemacht",
      "handmade",
      "frisch",
      "fresh"
    ]
  },
  {
    "productName": "Ja! Natürlich Bio-Wurzelbrot",
    "category": "Bread & Bakery (Brot & Gebäck)",
    "currentPrice": "0.99€",
    "oldPrice": "1.35€",
    "packageSize": "N/A",
    "unitPrice": "N/A",
    "discount": "-26% billiger",
    "availabilityDateRange": "N/A",
    "productHash": "ja-naturlich-bio-wurzelbrot",
    "offerEndDate": "2024-05-16",
    "offerStartDate": "2024-05-16",
    "currentPriceNumeric": 0.99,
    "oldPriceNumeric": 1.35,
    "storeName": "BILLA",
    "searchTags": [
      "wurzelbrot",
      "root bread",
      "brot",
      "bread",
      "gebäck",
      "bakery",
      "bio",
      "organic",
      "ja! natürlich",
      "frisch"
    ]
  },
  {
    "productName": "Olz Protein Soft Sandwich",
    "category": "Bread & Bakery (Brot & Gebäck)",
    "currentPrice": "3.19€",
    "oldPrice": "3.99€",
    "packageSize": "500 g",
    "unitPrice": "6.38/kg",
    "discount": "-0.80€ billiger",
    "availabilityDateRange": "N/A",
    "productHash": "olz-protein-soft-sandwich",
    "offerEndDate": "2024-05-16",
    "offerStartDate": "2024-05-16",
    "currentPriceNumeric": 3.19,
    "oldPriceNumeric": 3.99,
    "storeName": "BILLA",
    "searchTags": [
      "olz",
      "protein soft sandwich",
      "sandwich bread",
      "brot",
      "bread",
      "protein",
      "fitness",
      "gebäck",
      "bakery"
    ]
  },
  {
    "productName": "Fair zum Tier® Hendlbrust od. Pikant",
    "category": "Meat & Poultry (Fleisch & Geflügel)",
    "currentPrice": "1.49€",
    "oldPrice": "1.99€",
    "packageSize": "100 g Packung",
    "unitPrice": "14.90/kg",
    "discount": "-25% billiger",
    "availabilityDateRange": "N/A",
    "productHash": "fair-zum-tier-hendlbrust-pikant",
    "offerEndDate": "2024-05-16",
    "offerStartDate": "2024-05-16",
    "currentPriceNumeric": 1.49,
    "oldPriceNumeric": 1.99,
    "storeName": "BILLA",
    "searchTags": [
      "fair zum tier",
      "hendlbrust",
      "pikant",
      "chicken breast",
      "geflügel",
      "poultry",
      "huhn",
      "chicken",
      "fleisch",
      "meat"
    ]
  },
  {
    "productName": "Landhof Händlerschinken",
    "category": "Meat & Poultry (Fleisch & Geflügel)",
    "currentPrice": "1.89€",
    "oldPrice": "2.49€",
    "packageSize": "100 g",
    "unitPrice": "18.90/kg",
    "discount": "-0.60€ billiger",
    "availabilityDateRange": "N/A",
    "productHash": "landhof-handlerschinken",
    "offerEndDate": "2024-05-16",
    "offerStartDate": "2024-05-16",
    "currentPriceNumeric": 1.89,
    "oldPriceNumeric": 2.49,
    "storeName": "BILLA",
    "searchTags": [
      "landhof",
      "händlerschinken",
      "ham",
      "schinken",
      "fleisch",
      "meat",
      "aufschnitt",
      "deli meat",
      "smoked ham"
    ]
  },
  {
    "productName": "Prosciuttini",
    "category": "Meat & Poultry (Fleisch & Geflügel)",
    "currentPrice": "2.79€",
    "oldPrice": "3.69€",
    "packageSize": "100 g",
    "unitPrice": "27.90/kg",
    "discount": "-0.90€ billiger",
    "availabilityDateRange": "N/A",
    "productHash": "prosciuttini",
    "offerEndDate": "2024-05-16",
    "offerStartDate": "2024-05-16",
    "currentPriceNumeric": 2.79,
    "oldPriceNumeric": 3.69,
    "storeName": "BILLA",
    "searchTags": [
      "prosciuttini",
      "prosciutto",
      "schinken",
      "ham",
      "fleisch",
      "meat",
      "italienisch",
      "italian",
      "deli meat"
    ]
  },
  {
    "productName": "Handl Tyrol Bauernspeck od. Landpartie",
    "category": "Meat & Poultry (Fleisch & Geflügel)",
    "currentPrice": "2.99€",
    "oldPrice": "3.99€/4.19€",
    "packageSize": "N/A",
    "unitPrice": "N/A",
    "discount": "Bis zu -28% billiger",
    "availabilityDateRange": "N/A",
    "productHash": "handl-tyrol-bauernspeck-landpartie",
    "offerEndDate": "2024-05-16",
    "offerStartDate": "2024-05-16",
    "currentPriceNumeric": 2.99,
    "oldPriceNumeric": 3.99,
    "storeName": "BILLA",
    "searchTags": [
      "handl tyrol",
      "bauernspeck",
      "landpartie",
      "bacon",
      "speck",
      "schinken",
      "ham",
      "fleisch",
      "meat",
      "geräuchert"
    ]
  },
  {
    "productName": "Familienaufschnitt",
    "category": "Meat & Poultry (Fleisch & Geflügel)",
    "currentPrice": "4.99€",
    "oldPrice": "N/A",
    "packageSize": "500 g Packung",
    "unitPrice": "9.98/kg",
    "discount": "N/A",
    "availabilityDateRange": "N/A",
    "productHash": "familienaufschnitt",
    "offerEndDate": "2024-05-16",
    "offerStartDate": "2024-05-16",
    "currentPriceNumeric": 4.99,
    "oldPriceNumeric": null,
    "storeName": "BILLA",
    "searchTags": [
      "familienaufschnitt",
      "deli meat selection",
      "aufschnitt",
      "cold cuts",
      "wurst",
      "sausage",
      "fleisch",
      "meat",
      "familie"
    ]
  },
  {
    "productName": "Radatz Aufschnitt",
    "category": "Meat & Poultry (Fleisch & Geflügel)",
    "currentPrice": "2.99€",
    "oldPrice": "3.99€",
    "packageSize": "150 g Packung",
    "unitPrice": "19.93/kg",
    "discount": "-1.00€ billiger",
    "availabilityDateRange": "N/A",
    "productHash": "radatz-aufschnitt",
    "offerEndDate": "2024-05-16",
    "offerStartDate": "2024-05-16",
    "currentPriceNumeric": 2.99,
    "oldPriceNumeric": 3.99,
    "storeName": "BILLA",
    "searchTags": [
      "radatz",
      "aufschnitt",
      "cold cuts",
      "wurst",
      "sausage",
      "fleisch",
      "meat",
      "deli meat",
      "variety"
    ]
  },
  {
    "productName": "Radatz Backofen, Pfeffer, Bierkäse, Bauernschmaus od. Leberkäse",
    "category": "Meat & Poultry (Fleisch & Geflügel)",
    "currentPrice": "5.99€",
    "oldPrice": "8.99€",
    "packageSize": "per Kilo",
    "unitPrice": "N/A",
    "discount": "-33% billiger",
    "availabilityDateRange": "N/A",
    "productHash": "radatz-backofen-pfeffer-bierkase-bauernschmaus-leberkase",
    "offerEndDate": "2024-05-16",
    "offerStartDate": "2024-05-16",
    "currentPriceNumeric": 5.99,
    "oldPriceNumeric": 8.99,
    "storeName": "BILLA",
    "searchTags": [
      "radatz",
      "backofen",
      "pfeffer",
      "bierkäse",
      "bauernschmaus",
      "leberkäse",
      "wurst",
      "sausage",
      "fleisch",
      "meat",
      "cold cuts"
    ]
  },
  {
    "productName": "Wissbauer Hirschschinken od. Wildsalami",
    "category": "Meat & Poultry (Fleisch & Geflügel)",
    "currentPrice": "2.49€",
    "oldPrice": "2.99€",
    "packageSize": "100 g",
    "unitPrice": "24.90/kg",
    "discount": "-20% billiger",
    "availabilityDateRange": "N/A",
    "productHash": "wissbauer-hirschschinken-wildsalami",
    "offerEndDate": "2024-05-16",
    "offerStartDate": "2024-05-16",
    "currentPriceNumeric": 2.49,
    "oldPriceNumeric": 2.99,
    "storeName": "BILLA",
    "searchTags": [
      "wiesbauer",
      "hirschschinken",
      "wildsalami",
      "deer ham",
      "wild salami",
      "wildfleisch",
      "game meat",
      "schinken",
      "salami",
      "fleisch"
    ]
  },
  {
    "productName": "Radatz od. Messner Käsekrainer",
    "category": "Meat & Poultry (Fleisch & Geflügel)",
    "currentPrice": "5.79€",
    "oldPrice": "8.99€",
    "packageSize": "500 g Packung",
    "unitPrice": "11.58/kg",
    "discount": "-35% billiger",
    "availabilityDateRange": "N/A",
    "productHash": "radatz-messner-kasekrainer",
    "offerEndDate": "2024-05-16",
    "offerStartDate": "2024-05-16",
    "currentPriceNumeric": 5.79,
    "oldPriceNumeric": 8.99,
    "storeName": "BILLA",
    "searchTags": [
      "radatz",
      "messner",
      "käsekrainer",
      "cheese sausage",
      "wurst",
      "sausage",
      "fleisch",
      "meat",
      "grillwurst",
      "bbq sausage"
    ]
  },
  {
    "productName": "Radatz Tomaten od. Klassik Salami kl. Paprika",
    "category": "Meat & Poultry (Fleisch & Geflügel)",
    "currentPrice": "5.99€",
    "oldPrice": "N/A",
    "packageSize": "100 g Stange",
    "unitPrice": "59.90/kg",
    "discount": "N/A",
    "availabilityDateRange": "N/A",
    "productHash": "radatz-tomaten-klassik-salami-kl-paprika",
    "offerEndDate": "2024-05-16",
    "offerStartDate": "2024-05-16",
    "currentPriceNumeric": 5.99,
    "oldPriceNumeric": null,
    "storeName": "BILLA",
    "searchTags": [
      "radatz",
      "tomaten",
      "klassik",
      "salami",
      "paprika",
      "salami",
      "sausage",
      "wurst",
      "fleisch",
      "meat",
      "aufschnitt"
    ]
  },
  {
    "productName": "Wiesbauer Bergsalami Genusswelt",
    "category": "Meat & Poultry (Fleisch & Geflügel)",
    "currentPrice": "5.99€",
    "oldPrice": "9.49€",
    "packageSize": "300 g",
    "unitPrice": "N/A",
    "discount": "-36% billiger",
    "availabilityDateRange": "N/A",
    "productHash": "wiesbauer-bergsalami-genusswelt",
    "offerEndDate": "2024-05-16",
    "offerStartDate": "2024-05-16",
    "currentPriceNumeric": 5.99,
    "oldPriceNumeric": 9.49,
    "storeName": "BILLA",
    "searchTags": [
      "wiesbauer",
      "bergsalami",
      "genusswelt",
      "mountain salami",
      "salami",
      "wurst",
      "sausage",
      "fleisch",
      "meat",
      "delikatesse"
    ]
  },
  {
    "productName": "Wiesbauer Frischfleisch Spezialitäten",
    "category": "Meat & Poultry (Fleisch & Geflügel)",
    "currentPrice": "21.99€",
    "oldPrice": "25.99€",
    "packageSize": "per Kilo",
    "unitPrice": "N/A",
    "discount": "-4.00€ billiger",
    "availabilityDateRange": "N/A",
    "productHash": "wiesbauer-frischfleisch-spezialitaten",
    "offerEndDate": "2024-05-16",
    "offerStartDate": "2024-05-16",
    "currentPriceNumeric": 21.99,
    "oldPriceNumeric": 25.99,
    "storeName": "BILLA",
    "searchTags": [
      "wiesbauer",
      "frischfleisch",
      "spezialitäten",
      "fresh meat",
      "specialties",
      "fleisch",
      "meat",
      "premium",
      "quality"
    ]
  },
  {
    "productName": "Rehragout geschnitten",
    "category": "Meat & Poultry (Fleisch & Geflügel)",
    "currentPrice": "9.99€",
    "oldPrice": "11.99€",
    "packageSize": "per Kilo",
    "unitPrice": "N/A",
    "discount": "-2.00€ billiger",
    "availabilityDateRange": "N/A",
    "productHash": "rehragout-geschnitten",
    "offerEndDate": "2024-05-16",
    "offerStartDate": "2024-05-16",
    "currentPriceNumeric": 9.99,
    "oldPriceNumeric": 11.99,
    "storeName": "BILLA",
    "searchTags": [
      "rehragout",
      "deer ragout",
      "wildfleisch",
      "game meat",
      "ragout",
      "fleisch",
      "meat",
      "fertiggericht",
      "pre-cut"
    ]
  },
  {
    "productName": "Ja! Natürlich Bio-Jungstier Weidegensenudeln",
    "category": "Meat & Poultry (Fleisch & Geflügel)",
    "currentPrice": "7.49€",
    "oldPrice": "9.99€",
    "packageSize": "per Kilo",
    "unitPrice": "N/A",
    "discount": "-25% BILLIGER",
    "availabilityDateRange": "Freitag & Samstag",
    "productHash": "ja-naturlich-bio-jungstier-weidegensenudeln",
    "offerEndDate": "2024-05-16",
    "offerStartDate": "2024-05-16",
    "currentPriceNumeric": 7.49,
    "oldPriceNumeric": 9.99,
    "storeName": "BILLA",
    "searchTags": [
      "ja! natürlich",
      "bio",
      "jungstier",
      "weidegensenudeln",
      "beef",
      "fleisch",
      "meat",
      "organic",
      "nudeln",
      "pasta"
    ]
  },
  {
    "productName": "Hofstätter Hendl-Filetmix",
    "category": "Meat & Poultry (Fleisch & Geflügel)",
    "currentPrice": "5.45€",
    "oldPrice": "5.99€",
    "packageSize": "500 g Packung",
    "unitPrice": "10.90/kg",
    "discount": "-20% billiger",
    "availabilityDateRange": "N/A",
    "productHash": "hofstatter-hendl-filetmix",
    "offerEndDate": "2024-05-16",
    "offerStartDate": "2024-05-16",
    "currentPriceNumeric": 5.45,
    "oldPriceNumeric": 5.99,
    "storeName": "BILLA",
    "searchTags": [
      "hofstätter",
      "hendl-filetmix",
      "chicken fillet mix",
      "geflügel",
      "poultry",
      "huhn",
      "chicken",
      "fleisch",
      "meat",
      "mix"
    ]
  },
  {
    "productName": "clever Bio-Forellen",
    "category": "Fish & Seafood (Fisch)",
    "currentPrice": "5.99€",
    "oldPrice": "N/A",
    "packageSize": "per Kilo",
    "unitPrice": "N/A",
    "discount": "N/A",
    "availabilityDateRange": "N/A",
    "productHash": "clever-bio-forellen",
    "offerEndDate": "2024-05-16",
    "offerStartDate": "2024-05-16",
    "currentPriceNumeric": 5.99,
    "oldPriceNumeric": null,
    "storeName": "BILLA",
    "searchTags": [
      "clever",
      "bio-forellen",
      "trout",
      "fisch",
      "fish",
      "organic",
      "fresh fish",
      "seafood",
      "süßwasserfisch"
    ]
  },
  {
    "productName": "Ja! Natürlich Bio-Dorfenfilet",
    "category": "Fish & Seafood (Fisch)",
    "currentPrice": "2.84€",
    "oldPrice": "3.79€",
    "packageSize": "125 g Packung",
    "unitPrice": "22.72/kg",
    "discount": "-25% BILLIGER",
    "availabilityDateRange": "Freitag & Samstag",
    "productHash": "ja-naturlich-bio-dorfenfilet",
    "offerEndDate": "2024-05-16",
    "offerStartDate": "2024-05-16",
    "currentPriceNumeric": 2.84,
    "oldPriceNumeric": 3.79,
    "storeName": "BILLA",
    "searchTags": [
      "ja! natürlich",
      "bio-dorfenfilet",
      "dory fillet",
      "fisch",
      "fish",
      "organic",
      "seafood",
      "fresh fish",
      "filet"
    ]
  },
  {
    "productName": "Vörlaks Lachsfilet",
    "category": "Fish & Seafood (Fisch)",
    "currentPrice": "2.99€",
    "oldPrice": "4.49€",
    "packageSize": "125 g",
    "unitPrice": "23.92/kg",
    "discount": "-33% billiger",
    "availabilityDateRange": "N/A",
    "productHash": "vorlaks-lachsfilet",
    "offerEndDate": "2024-05-16",
    "offerStartDate": "2024-05-16",
    "currentPriceNumeric": 2.99,
    "oldPriceNumeric": 4.49,
    "storeName": "BILLA",
    "searchTags": [
      "vörlaks",
      "lachsfilet",
      "salmon fillet",
      "fisch",
      "fish",
      "seafood",
      "lachs",
      "salmon",
      "filet"
    ]
  },
  {
    "productName": "Salzburgmilch Fruchtjoghurt Vanille",
    "category": "Dairy & Eggs (Milchprodukte & Eier)",
    "currentPrice": "2.99€",
    "oldPrice": "N/A",
    "packageSize": "1 kg",
    "unitPrice": "N/A",
    "discount": "N/A",
    "availabilityDateRange": "N/A",
    "productHash": "salzburgmilch-fruchtjoghurt-vanille",
    "offerEndDate": "2024-05-16",
    "offerStartDate": "2024-05-16",
    "currentPriceNumeric": 2.99,
    "oldPriceNumeric": null,
    "storeName": "BILLA",
    "searchTags": [
      "salzburgmilch",
      "fruchtjoghurt",
      "vanille",
      "fruit yogurt",
      "vanilla yogurt",
      "joghurt",
      "yogurt",
      "milchprodukt",
      "dairy"
    ]
  },
  {
    "productName": "Danone Fruchtzwerge div. Sorten",
    "category": "Dairy & Eggs (Milchprodukte & Eier)",
    "currentPrice": "1.59€",
    "oldPrice": "2.29€",
    "packageSize": "6 x 50 g",
    "unitPrice": "N/A",
    "discount": "-30% billiger",
    "availabilityDateRange": "N/A",
    "productHash": "danone-fruchtzwerge",
    "offerEndDate": "2024-05-16",
    "offerStartDate": "2024-05-16",
    "currentPriceNumeric": 1.59,
    "oldPriceNumeric": 2.29,
    "storeName": "BILLA",
    "searchTags": [
      "danone",
      "fruchtzwerge",
      "fruit yogurt for kids",
      "kinderjoghurt",
      "kids yogurt",
      "joghurt",
      "yogurt",
      "milchprodukt",
      "dairy"
    ]
  },
  {
    "productName": "Starbucks Eiskaffee div. Sorten",
    "category": "Drinks & Beverages (Getränke)",
    "currentPrice": "1.59€",
    "oldPrice": "2.39€",
    "packageSize": "220 ml",
    "unitPrice": "N/A",
    "discount": "3+1 gratis",
    "availabilityDateRange": "N/A",
    "productHash": "starbucks-eiskaffee",
    "offerEndDate": "2024-05-16",
    "offerStartDate": "2024-05-16",
    "currentPriceNumeric": 1.59,
    "oldPriceNumeric": 2.39,
    "storeName": "BILLA",
    "searchTags": [
      "starbucks",
      "eiskaffee",
      "iced coffee",
      "coffee drink",
      "getränk",
      "beverage",
      "kaffee",
      "coffee",
      "milchmischgetränk"
    ]
  },
  {
    "productName": "Landliebe Joghurt Heidelbeere",
    "category": "Dairy & Eggs (Milchprodukte & Eier)",
    "currentPrice": "1.49€",
    "oldPrice": "2.39€",
    "packageSize": "500 g",
    "unitPrice": "N/A",
    "discount": "-37% billiger",
    "availabilityDateRange": "N/A",
    "productHash": "landliebe-joghurt-heidelbeere",
    "offerEndDate": "2024-05-16",
    "offerStartDate": "2024-05-16",
    "currentPriceNumeric": 1.49,
    "oldPriceNumeric": 2.39,
    "storeName": "BILLA",
    "searchTags": [
      "landliebe",
      "joghurt",
      "heidelbeere",
      "blueberry yogurt",
      "fruit yogurt",
      "milchprodukt",
      "dairy",
      "yogurt",
      "beeren"
    ]
  },
  {
    "productName": "Lattella PROT Protein Drink",
    "category": "Dairy & Eggs (Milchprodukte & Eier)",
    "currentPrice": "1.50€",
    "oldPrice": "2.25€",
    "packageSize": "500 ml",
    "unitPrice": "N/A",
    "discount": "2+1 gratis",
    "availabilityDateRange": "N/A",
    "productHash": "lattella-prot-protein-drink",
    "offerEndDate": "2024-05-16",
    "offerStartDate": "2024-05-16",
    "currentPriceNumeric": 1.5,
    "oldPriceNumeric": 2.25,
    "storeName": "BILLA",
    "searchTags": [
      "lattella prot",
      "protein drink",
      "eiweißgetränk",
      "milchprodukt",
      "dairy",
      "drink",
      "fitness",
      "sports nutrition",
      "lattella"
    ]
  },
  {
    "productName": "Nöm Pro Topfencreme",
    "category": "Dairy & Eggs (Milchprodukte & Eier)",
    "currentPrice": "0.89€",
    "oldPrice": "1.75€",
    "packageSize": "175 g",
    "unitPrice": "N/A",
    "discount": "2+2 gratis",
    "availabilityDateRange": "N/A",
    "productHash": "nom-pro-topfencreme",
    "offerEndDate": "2024-05-16",
    "offerStartDate": "2024-05-16",
    "currentPriceNumeric": 0.89,
    "oldPriceNumeric": 1.75,
    "storeName": "BILLA",
    "searchTags": [
      "nöm pro",
      "topfencreme",
      "quark cream",
      "protein cream",
      "milchprodukt",
      "dairy",
      "quark",
      "dessert",
      "fitness"
    ]
  },
  {
    "productName": "Dany Sahne div. Sorten",
    "category": "Dairy & Eggs (Milchprodukte & Eier)",
    "currentPrice": "0.49€",
    "oldPrice": "0.92€",
    "packageSize": "190 g",
    "unitPrice": "N/A",
    "discount": "2+2 gratis",
    "availabilityDateRange": "N/A",
    "productHash": "dany-sahne",
    "offerEndDate": "2024-05-16",
    "offerStartDate": "2024-05-16",
    "currentPriceNumeric": 0.49,
    "oldPriceNumeric": 0.92,
    "storeName": "BILLA",
    "searchTags": [
      "dany sahne",
      "pudding",
      "dessert",
      "sahnedessert",
      "cream dessert",
      "milchprodukt",
      "dairy",
      "vanille",
      "chocolate"
    ]
  },
  {
    "productName": "Rupp Beschte Eckerl",
    "category": "Dairy & Eggs (Milchprodukte & Eier)",
    "currentPrice": "1.49€",
    "oldPrice": "2.99€",
    "packageSize": "150 g",
    "unitPrice": "N/A",
    "discount": "1+1 gratis",
    "availabilityDateRange": "N/A",
    "productHash": "rupp-beschte-eckerl",
    "offerEndDate": "2024-05-16",
    "offerStartDate": "2024-05-16",
    "currentPriceNumeric": 1.49,
    "oldPriceNumeric": 2.99,
    "storeName": "BILLA",
    "searchTags": [
      "rupp",
      "beschte eckerl",
      "cheese spread",
      "schmelzkäse",
      "processed cheese",
      "käse",
      "cheese",
      "milchprodukt",
      "dairy"
    ]
  },
  {
    "productName": "Mini-Babybel div. Sorten",
    "category": "Dairy & Eggs (Milchprodukte & Eier)",
    "currentPrice": "1.99€",
    "oldPrice": "2.59€",
    "packageSize": "6x 20 g",
    "unitPrice": "N/A",
    "discount": "-0.60€ billiger",
    "availabilityDateRange": "N/A",
    "productHash": "mini-babybel",
    "offerEndDate": "2024-05-16",
    "offerStartDate": "2024-05-16",
    "currentPriceNumeric": 1.99,
    "oldPriceNumeric": 2.59,
    "storeName": "BILLA",
    "searchTags": [
      "mini-babybel",
      "babybel",
      "käse",
      "cheese",
      "snack cheese",
      "milchprodukt",
      "dairy",
      "kinderkäse",
      "kids snack"
    ]
  },
  {
    "productName": "Brunch Kräuter od. Paprika",
    "category": "Dairy & Eggs (Milchprodukte & Eier)",
    "currentPrice": "1.89€",
    "oldPrice": "2.69€",
    "packageSize": "185 g",
    "unitPrice": "N/A",
    "discount": "-29% billiger",
    "availabilityDateRange": "N/A",
    "productHash": "brunch-krauter-paprika",
    "offerEndDate": "2024-05-16",
    "offerStartDate": "2024-05-16",
    "currentPriceNumeric": 1.89,
    "oldPriceNumeric": 2.69,
    "storeName": "BILLA",
    "searchTags": [
      "brunch",
      "kräuter",
      "paprika",
      "cream cheese",
      "frischkäse",
      "milchprodukt",
      "dairy",
      "brotaufstrich",
      "spread"
    ]
  },
  {
    "productName": "Schärdinger Mozzarella od. Pizzakäse",
    "category": "Dairy & Eggs (Milchprodukte & Eier)",
    "currentPrice": "2.39€",
    "oldPrice": "3.10€/3.35€",
    "packageSize": "125 g - 250 g",
    "unitPrice": "N/A",
    "discount": "Bis zu -29% billiger",
    "availabilityDateRange": "N/A",
    "productHash": "schardinger-mozzarella-pizzakase",
    "offerEndDate": "2024-05-16",
    "offerStartDate": "2024-05-16",
    "currentPriceNumeric": 2.39,
    "oldPriceNumeric": 3.1,
    "storeName": "BILLA",
    "searchTags": [
      "schärdinger",
      "mozzarella",
      "pizzakäse",
      "cheese",
      "käse",
      "milchprodukt",
      "dairy",
      "pizza cheese",
      "shredded cheese"
    ]
  },
  {
    "productName": "Kärntnermilch Zarte Österreicherin od. Bergkönig",
    "category": "Dairy & Eggs (Milchprodukte & Eier)",
    "currentPrice": "2.99€",
    "oldPrice": "N/A",
    "packageSize": "200 g",
    "unitPrice": "14.95/kg",
    "discount": "N/A",
    "availabilityDateRange": "N/A",
    "productHash": "karntnermilch-zarte-osterreicherin-bergkonig",
    "offerEndDate": "2024-05-16",
    "offerStartDate": "2024-05-16",
    "currentPriceNumeric": 2.99,
    "oldPriceNumeric": null,
    "storeName": "BILLA",
    "searchTags": [
      "kärntnermilch",
      "zarte österreicherin",
      "bergkönig",
      "käse",
      "cheese",
      "milchprodukt",
      "dairy",
      "schnittkäse",
      "semi-hard cheese"
    ]
  },
  {
    "productName": "Woerle Mondseer Käse",
    "category": "Dairy & Eggs (Milchprodukte & Eier)",
    "currentPrice": "2.99€",
    "oldPrice": "N/A",
    "packageSize": "200 g",
    "unitPrice": "14.95/kg",
    "discount": "N/A",
    "availabilityDateRange": "N/A",
    "productHash": "woerle-mondseer-kase",
    "offerEndDate": "2024-05-16",
    "offerStartDate": "2024-05-16",
    "currentPriceNumeric": 2.99,
    "oldPriceNumeric": null,
    "storeName": "BILLA",
    "searchTags": [
      "woerle",
      "mondseer käse",
      "mondsee cheese",
      "käse",
      "cheese",
      "milchprodukt",
      "dairy",
      "österreichischer käse",
      "austrian cheese"
    ]
  },
  {
    "productName": "Alma Vorarlberger Alpkäse",
    "category": "Dairy & Eggs (Milchprodukte & Eier)",
    "currentPrice": "2.49€",
    "oldPrice": "N/A",
    "packageSize": "100 g",
    "unitPrice": "24.90/kg",
    "discount": "N/A",
    "availabilityDateRange": "N/A",
    "productHash": "alma-vorarlberger-alpkase",
    "offerEndDate": "2024-05-16",
    "offerStartDate": "2024-05-16",
    "currentPriceNumeric": 2.49,
    "oldPriceNumeric": null,
    "storeName": "BILLA",
    "searchTags": [
      "alma",
      "vorarlberger alpkäse",
      "alpine cheese",
      "käse",
      "cheese",
      "milchprodukt",
      "dairy",
      "bergkäse",
      "hard cheese"
    ]
  },
  {
    "productName": "Nöm Teebutter",
    "category": "Dairy & Eggs (Milchprodukte & Eier)",
    "currentPrice": "2.49€",
    "oldPrice": "3.09€",
    "packageSize": "250 g",
    "unitPrice": "9.96/kg",
    "discount": "-0.60€ billiger",
    "availabilityDateRange": "N/A",
    "productHash": "nom-teebutter",
    "offerEndDate": "2024-05-16",
    "offerStartDate": "2024-05-16",
    "currentPriceNumeric": 2.49,
    "oldPriceNumeric": 3.09,
    "storeName": "BILLA",
    "searchTags": [
      "nöm",
      "teebutter",
      "butter",
      "milchprodukt",
      "dairy",
      "fett",
      "fat",
      "streichfett",
      "spread"
    ]
  },
  {
    "productName": "Rougette Ofenkäse div. Sorten",
    "category": "Dairy & Eggs (Milchprodukte & Eier)",
    "currentPrice": "4.39€",
    "oldPrice": "6.49€",
    "packageSize": "320 g",
    "unitPrice": "N/A",
    "discount": "-32% billiger",
    "availabilityDateRange": "N/A",
    "productHash": "rougette-ofenkase",
    "offerEndDate": "2024-05-16",
    "offerStartDate": "2024-05-16",
    "currentPriceNumeric": 4.39,
    "oldPriceNumeric": 6.49,
    "storeName": "BILLA",
    "searchTags": [
      "rougette",
      "ofenkäse",
      "baked cheese",
      "käse",
      "cheese",
      "milchprodukt",
      "dairy",
      "backkäse",
      "oven cheese"
    ]
  },
  {
    "productName": "Knorr Fix od. Saucen div. Sorten",
    "category": "Pantry & Baking (Grundnahrungsmittel)",
    "currentPrice": "0.99€",
    "oldPrice": "1.49€",
    "packageSize": "N/A",
    "unitPrice": "N/A",
    "discount": "2+1 gratis",
    "availabilityDateRange": "N/A",
    "productHash": "knorr-fix-saucen",
    "offerEndDate": "2024-05-16",
    "offerStartDate": "2024-05-16",
    "currentPriceNumeric": 0.99,
    "oldPriceNumeric": 1.49,
    "storeName": "BILLA",
    "searchTags": [
      "knorr",
      "fix",
      "saucen",
      "sauces",
      "gewürze",
      "spices",
      "kochhilfe",
      "cooking aid",
      "fertiggericht",
      "convenience food"
    ]
  },
  {
    "productName": "Delamaris Makrelenfilet div. Sorten",
    "category": "Fish & Seafood (Fisch)",
    "currentPrice": "1.46€",
    "oldPrice": "2.19€",
    "packageSize": "125 g",
    "unitPrice": "N/A",
    "discount": "2+1 gratis",
    "availabilityDateRange": "N/A",
    "productHash": "delamaris-makrelenfilet",
    "offerEndDate": "2024-05-16",
    "offerStartDate": "2024-05-16",
    "currentPriceNumeric": 1.46,
    "oldPriceNumeric": 2.19,
    "storeName": "BILLA",
    "searchTags": [
      "delamaris",
      "makrelenfilet",
      "mackerel fillet",
      "fisch",
      "fish",
      "konserve",
      "canned fish",
      "seafood",
      "makrele"
    ]
  },
  {
    "productName": "Delamaris Makrelenfilets natur od. in Olivenöl",
    "category": "Fish & Seafood (Fisch)",
    "currentPrice": "2.19€",
    "oldPrice": "3.29€",
    "packageSize": "125 g",
    "unitPrice": "N/A",
    "discount": "2+1 gratis",
    "availabilityDateRange": "N/A",
    "productHash": "delamaris-makrelenfilets-natur-olivenol",
    "offerEndDate": "2024-05-16",
    "offerStartDate": "2024-05-16",
    "currentPriceNumeric": 2.19,
    "oldPriceNumeric": 3.29,
    "storeName": "BILLA",
    "searchTags": [
      "delamaris",
      "makrelenfilets",
      "mackerel fillets",
      "fisch",
      "fish",
      "konserve",
      "canned fish",
      "olivenöl",
      "olive oil",
      "natur"
    ]
  },
  {
    "productName": "McCain Country Potatoes od. 1-2-3 Frites",
    "category": "Frozen Foods (Tiefkühl)",
    "currentPrice": "2.49€",
    "oldPrice": "3.99€/4.19€",
    "packageSize": "500 g - 750 g",
    "unitPrice": "N/A",
    "discount": "Bis zu -37% billiger",
    "availabilityDateRange": "N/A",
    "productHash": "mccain-country-potatoes-1-2-3-frites",
    "offerEndDate": "2024-05-16",
    "offerStartDate": "2024-05-16",
    "currentPriceNumeric": 2.49,
    "oldPriceNumeric": 3.99,
    "storeName": "BILLA",
    "searchTags": [
      "mccain",
      "country potatoes",
      "frites",
      "fries",
      "pommes",
      "tiefkühl",
      "frozen",
      "kartoffel",
      "potato",
      "beilage"
    ]
  },
  {
    "productName": "Eskimo Cremissimo Eis div. Sorten",
    "category": "Frozen Foods (Tiefkühl)",
    "currentPrice": "2.99€",
    "oldPrice": "4.99€",
    "packageSize": "1 Liter",
    "unitPrice": "N/A",
    "discount": "-40% billiger",
    "availabilityDateRange": "N/A",
    "productHash": "eskimo-cremissimo-eis",
    "offerEndDate": "2024-05-16",
    "offerStartDate": "2024-05-16",
    "currentPriceNumeric": 2.99,
    "oldPriceNumeric": 4.99,
    "storeName": "BILLA",
    "searchTags": [
      "eskimo",
      "cremissimo",
      "eis",
      "ice cream",
      "tiefkühl",
      "frozen",
      "dessert",
      "speiseeis",
      "vanille",
      "schoko"
    ]
  },
  {
    "productName": "Coppenrath & Wiese Sachertorte",
    "category": "Frozen Foods (Tiefkühl)",
    "currentPrice": "12.99€",
    "oldPrice": "15.99€",
    "packageSize": "N/A",
    "unitPrice": "N/A",
    "discount": "-19% billiger",
    "availabilityDateRange": "N/A",
    "productHash": "coppenrath-wiese-sachertorte",
    "offerEndDate": "2024-05-16",
    "offerStartDate": "2024-05-16",
    "currentPriceNumeric": 12.99,
    "oldPriceNumeric": 15.99,
    "storeName": "BILLA",
    "searchTags": [
      "coppenrath & wiese",
      "sachertorte",
      "sacher cake",
      "torte",
      "cake",
      "tiefkühl",
      "frozen",
      "dessert",
      "schoko",
      "chocolate cake"
    ]
  },
  {
    "productName": "Dr. Oetker Bistro Baguette div. Sorten",
    "category": "Frozen Snacks",
    "currentPrice": "1.49€",
    "oldPrice": "2.99€",
    "packageSize": "250 g",
    "unitPrice": "N/A",
    "discount": "1+1 gratis",
    "availabilityDateRange": "N/A",
    "productHash": "dr_oetker_bistro_baguette_div_sorten250_gfrozen_snacks",
    "offerEndDate": "2025-10-29",
    "offerStartDate": "2025-10-29",
    "currentPriceNumeric": 1.49,
    "oldPriceNumeric": 2.99,
    "storeName": "BILLA"
  },
  {
    "productName": "Iglo Hühner Nuggets in Backteig",
    "category": "Frozen Poultry",
    "currentPrice": "2.64€",
    "oldPrice": "5.29€",
    "packageSize": "250 g",
    "unitPrice": "N/A",
    "discount": "1+1 gratis",
    "availabilityDateRange": "N/A",
    "productHash": "iglo_hühner_nuggets_in_backteig250_gfrozen_poultry",
    "offerEndDate": "2025-10-29",
    "offerStartDate": "2025-10-29",
    "currentPriceNumeric": 2.64,
    "oldPriceNumeric": 5.29,
    "storeName": "BILLA"
  },
  {
    "productName": "Rapso Rapsöl od. Rapsöl-Mix",
    "category": "Oils",
    "currentPrice": "3.99€",
    "oldPrice": "5.99€",
    "packageSize": "0.75 Liter",
    "unitPrice": "N/A",
    "discount": "-33% billiger",
    "availabilityDateRange": "N/A",
    "productHash": "rapso_rapsöl_od_rapsöl_mix075_literoils",
    "offerEndDate": "2025-10-29",
    "offerStartDate": "2025-10-29",
    "currentPriceNumeric": 3.99,
    "oldPriceNumeric": 5.99,
    "storeName": "BILLA"
  },
  {
    "productName": "Siclil Bio-Zitronen od. Orangen",
    "category": "Fruits",
    "currentPrice": "2.99€",
    "oldPrice": "3.29€",
    "packageSize": "500 g Packung",
    "unitPrice": "5.98/kg",
    "discount": "-0.30€ billiger",
    "availabilityDateRange": "N/A",
    "productHash": "siclil_bio_zitronen_od_orangen500_g_packungfruits",
    "offerEndDate": "2025-10-29",
    "offerStartDate": "2025-10-29",
    "currentPriceNumeric": 2.99,
    "oldPriceNumeric": 3.29,
    "storeName": "BILLA"
  },
  {
    "productName": "Barzells Winterzucker-Riegel mit Haselnuss-Nougat od. White Hazelnut Almond",
    "category": "Chocolate Bars",
    "currentPrice": "1.79€",
    "oldPrice": "2.49€",
    "packageSize": "35 g - 28 g",
    "unitPrice": "N/A",
    "discount": "-28% billiger",
    "availabilityDateRange": "N/A",
    "productHash": "barzells_winterzucker_riegel_mit_haselnuss_nougat_od_white_h",
    "offerEndDate": "2025-10-29",
    "offerStartDate": "2025-10-29",
    "currentPriceNumeric": 1.79,
    "oldPriceNumeric": 2.49,
    "storeName": "BILLA"
  },
  {
    "productName": "Hafervoll Haferriegel mit Cranberry od. Banane Brownie",
    "category": "Snack Bars",
    "currentPrice": "1.49€",
    "oldPrice": "2.29€",
    "packageSize": "60 g - 84 g",
    "unitPrice": "N/A",
    "discount": "-34% billiger",
    "availabilityDateRange": "N/A",
    "productHash": "hafervoll_haferriegel_mit_cranberry_od_banane_brownie60_g_84",
    "offerEndDate": "2025-10-29",
    "offerStartDate": "2025-10-29",
    "currentPriceNumeric": 1.49,
    "oldPriceNumeric": 2.29,
    "storeName": "BILLA"
  },
  {
    "productName": "Bonne Maman Konfitüre div. Sorten",
    "category": "Jams & Spreads",
    "currentPrice": "2.39€",
    "oldPrice": "3.59€",
    "packageSize": "370 g - 380 g",
    "unitPrice": "N/A",
    "discount": "2+1 gratis",
    "availabilityDateRange": "N/A",
    "productHash": "bonne_maman_konfitüre_div_sorten370_g_380_gjams_spreads",
    "offerEndDate": "2025-10-29",
    "offerStartDate": "2025-10-29",
    "currentPriceNumeric": 2.39,
    "oldPriceNumeric": 3.59,
    "storeName": "BILLA"
  },
  {
    "productName": "Teekanne Tee div. Sorten",
    "category": "Tea",
    "currentPrice": "2.79€",
    "oldPrice": "3.75€",
    "packageSize": "20 Teebeutel",
    "unitPrice": "N/A",
    "discount": "-26% billiger",
    "availabilityDateRange": "N/A",
    "productHash": "teekanne_tee_div_sorten20_teebeuteltea",
    "offerEndDate": "2025-10-29",
    "offerStartDate": "2025-10-29",
    "currentPriceNumeric": 2.79,
    "oldPriceNumeric": 3.75,
    "storeName": "BILLA"
  },
  {
    "productName": "Ben's Original Spitzlang- od. Langkorn-Reis",
    "category": "Rice",
    "currentPrice": "3.49€",
    "oldPrice": "4.99€",
    "packageSize": "1 kg",
    "unitPrice": "N/A",
    "discount": "-30% billiger",
    "availabilityDateRange": "N/A",
    "productHash": "bens_original_spitzlang_od_langkorn_reis1_kgrice",
    "offerEndDate": "2025-10-29",
    "offerStartDate": "2025-10-29",
    "currentPriceNumeric": 3.49,
    "oldPriceNumeric": 4.99,
    "storeName": "BILLA"
  },
  {
    "productName": "Tassimo Kapseln div. Sorten",
    "category": "Coffee",
    "currentPrice": "6.49€",
    "oldPrice": "7.99€",
    "packageSize": "104 g - 344 g",
    "unitPrice": "N/A",
    "discount": "-1.50€ billiger",
    "availabilityDateRange": "N/A",
    "productHash": "tassimo_kapseln_div_sorten104_g_344_gcoffee",
    "offerEndDate": "2025-10-29",
    "offerStartDate": "2025-10-29",
    "currentPriceNumeric": 6.49,
    "oldPriceNumeric": 7.99,
    "storeName": "BILLA"
  },
  {
    "productName": "Julius Meinl Wiener Melange",
    "category": "Coffee",
    "currentPrice": "21.99€",
    "oldPrice": "29.99€",
    "packageSize": "900 g - 1000 g Packung",
    "unitPrice": "N/A",
    "discount": "-31% billiger",
    "availabilityDateRange": "N/A",
    "productHash": "julius_meinl_wiener_melange900_g_1000_g_packungcoffee",
    "offerEndDate": "2025-10-29",
    "offerStartDate": "2025-10-29",
    "currentPriceNumeric": 21.99,
    "oldPriceNumeric": 29.99,
    "storeName": "BILLA"
  },
  {
    "productName": "Nescafé Gold",
    "category": "Instant Coffee",
    "currentPrice": "11.99€",
    "oldPrice": "15.49€",
    "packageSize": "200 g Glas",
    "unitPrice": "N/A",
    "discount": "-3.50€ billiger",
    "availabilityDateRange": "N/A",
    "productHash": "nescafé_gold200_g_glasinstant_coffee",
    "offerEndDate": "2025-10-29",
    "offerStartDate": "2025-10-29",
    "currentPriceNumeric": 11.99,
    "oldPriceNumeric": 15.49,
    "storeName": "BILLA"
  },
  {
    "productName": "Julius Meinl Präsident od. Red/Blue",
    "category": "Coffee",
    "currentPrice": "9.66€",
    "oldPrice": "14.49€",
    "packageSize": "500 g",
    "unitPrice": "N/A",
    "discount": "2+1 gratis",
    "availabilityDateRange": "N/A",
    "productHash": "julius_meinl_präsident_od_redblue500_gcoffee",
    "offerEndDate": "2025-10-29",
    "offerStartDate": "2025-10-29",
    "currentPriceNumeric": 9.66,
    "oldPriceNumeric": 14.49,
    "storeName": "BILLA"
  },
  {
    "productName": "Capri-Sun div. Sorten",
    "category": "Juice Drinks",
    "currentPrice": "0.74€",
    "oldPrice": "1.49€",
    "packageSize": "0.33 Liter",
    "unitPrice": "N/A",
    "discount": "3+3 gratis",
    "availabilityDateRange": "N/A",
    "productHash": "capri_sun_div_sorten033_literjuice_drinks",
    "offerEndDate": "2025-10-29",
    "offerStartDate": "2025-10-29",
    "currentPriceNumeric": 0.74,
    "oldPriceNumeric": 1.49,
    "storeName": "BILLA"
  },
  {
    "productName": "Römerquelle Emotion od. Balance div. Sorten",
    "category": "Flavored Water",
    "currentPrice": "0.99€",
    "oldPrice": "1.49€",
    "packageSize": "1.5 Liter",
    "unitPrice": "N/A",
    "discount": "2+1 gratis",
    "availabilityDateRange": "N/A",
    "productHash": "römerquelle_emotion_od_balance_div_sorten15_literflavored_wa",
    "offerEndDate": "2025-10-29",
    "offerStartDate": "2025-10-29",
    "currentPriceNumeric": 0.99,
    "oldPriceNumeric": 1.49,
    "storeName": "BILLA"
  },
  {
    "productName": "Jana Ice Tea div. Sorten",
    "category": "Iced Tea",
    "currentPrice": "1.26€",
    "oldPrice": "1.89€",
    "packageSize": "1.5 Liter",
    "unitPrice": "N/A",
    "discount": "2+1 gratis",
    "availabilityDateRange": "N/A",
    "productHash": "jana_ice_tea_div_sorten15_litericed_tea",
    "offerEndDate": "2025-10-29",
    "offerStartDate": "2025-10-29",
    "currentPriceNumeric": 1.26,
    "oldPriceNumeric": 1.89,
    "storeName": "BILLA"
  },
  {
    "productName": "Schartner Bombe div. Sorten",
    "category": "Soft Drinks",
    "currentPrice": "0.35€",
    "oldPrice": "0.84€",
    "packageSize": "0.33 Liter",
    "unitPrice": "N/A",
    "discount": "12+12 gratis",
    "availabilityDateRange": "N/A",
    "productHash": "schartner_bombe_div_sorten033_litersoft_drinks",
    "offerEndDate": "2025-10-29",
    "offerStartDate": "2025-10-29",
    "currentPriceNumeric": 0.35,
    "oldPriceNumeric": 0.84,
    "storeName": "BILLA"
  },
  {
    "productName": "Gröbi Limonade div. Sorten",
    "category": "Soft Drinks",
    "currentPrice": "1.32€",
    "oldPrice": "1.99€",
    "packageSize": "1.5 Liter",
    "unitPrice": "N/A",
    "discount": "4+2 gratis",
    "availabilityDateRange": "N/A",
    "productHash": "gröbi_limonade_div_sorten15_litersoft_drinks",
    "offerEndDate": "2025-10-29",
    "offerStartDate": "2025-10-29",
    "currentPriceNumeric": 1.32,
    "oldPriceNumeric": 1.99,
    "storeName": "BILLA"
  },
  {
    "productName": "Monster Energy Drink div. Sorten",
    "category": "Energy Drinks",
    "currentPrice": "1.09€",
    "oldPrice": "1.69€",
    "packageSize": "0.5 Liter Dose",
    "unitPrice": "N/A",
    "discount": "2+2 gratis",
    "availabilityDateRange": "N/A",
    "productHash": "monster_energy_drink_div_sorten05_liter_doseenergy_drinks",
    "offerEndDate": "2025-10-29",
    "offerStartDate": "2025-10-29",
    "currentPriceNumeric": 1.09,
    "oldPriceNumeric": 1.69,
    "storeName": "BILLA"
  },
  {
    "productName": "Römerquelle div. Sorten",
    "category": "Mineral Water",
    "currentPrice": "0.69€",
    "oldPrice": "1.09€",
    "packageSize": "1.5 Liter",
    "unitPrice": "N/A",
    "discount": "3+3 gratis",
    "availabilityDateRange": "N/A",
    "productHash": "römerquelle_div_sorten15_litermineral_water",
    "offerEndDate": "2025-10-29",
    "offerStartDate": "2025-10-29",
    "currentPriceNumeric": 0.69,
    "oldPriceNumeric": 1.09,
    "storeName": "BILLA"
  },
  {
    "productName": "Happy Day div. Sorten",
    "category": "Juices",
    "currentPrice": "1.86€",
    "oldPrice": "2.79€",
    "packageSize": "1 Liter",
    "unitPrice": "N/A",
    "discount": "2+1 gratis",
    "availabilityDateRange": "N/A",
    "productHash": "happy_day_div_sorten1_literjuices",
    "offerEndDate": "2025-10-29",
    "offerStartDate": "2025-10-29",
    "currentPriceNumeric": 1.86,
    "oldPriceNumeric": 2.79,
    "storeName": "BILLA"
  },
  {
    "productName": "Stegersmeer Hell",
    "category": "Beer",
    "currentPrice": "21.80€",
    "oldPrice": "27.80€",
    "packageSize": "1 Kiste (20 Flaschen)",
    "unitPrice": "N/A",
    "discount": "-6.00€ billiger",
    "availabilityDateRange": "N/A",
    "productHash": "stegersmeer_hell1_kiste_20_flaschenbeer",
    "offerEndDate": "2025-10-29",
    "offerStartDate": "2025-10-29",
    "currentPriceNumeric": 21.8,
    "oldPriceNumeric": 27.8,
    "storeName": "BILLA"
  },
  {
    "productName": "Schneider Weisse Original od. Kristallweizen od. Lovebeer",
    "category": "Beer",
    "currentPrice": "19.80€",
    "oldPrice": "29.80€",
    "packageSize": "1 Kiste (12 Flaschen)",
    "unitPrice": "N/A",
    "discount": "-33% billiger",
    "availabilityDateRange": "N/A",
    "productHash": "schneider_weisse_original_od_kristallweizen_od_lovebeer1_kis",
    "offerEndDate": "2025-10-29",
    "offerStartDate": "2025-10-29",
    "currentPriceNumeric": 19.8,
    "oldPriceNumeric": 29.8,
    "storeName": "BILLA"
  },
  {
    "productName": "Stiegl Helles/Goldbräu",
    "category": "Beer",
    "currentPrice": "6.94€",
    "oldPrice": "9.80€",
    "packageSize": "6-Träger",
    "unitPrice": "N/A",
    "discount": "-29% billiger",
    "availabilityDateRange": "N/A",
    "productHash": "stiegl_hellesgoldbräu6_trägerbeer",
    "offerEndDate": "2025-10-29",
    "offerStartDate": "2025-10-29",
    "currentPriceNumeric": 6.94,
    "oldPriceNumeric": 9.8,
    "storeName": "BILLA"
  },
  {
    "productName": "Stiegl Hell od. Goldbräu",
    "category": "Beer",
    "currentPrice": "19.80€",
    "oldPrice": "27.60€",
    "packageSize": "1 Kiste (20 Flaschen)",
    "unitPrice": "N/A",
    "discount": "-28% billiger",
    "availabilityDateRange": "N/A",
    "productHash": "stiegl_hell_od_goldbräu1_kiste_20_flaschenbeer",
    "offerEndDate": "2025-10-29",
    "offerStartDate": "2025-10-29",
    "currentPriceNumeric": 19.8,
    "oldPriceNumeric": 27.6,
    "storeName": "BILLA"
  },
  {
    "productName": "Puntigamer Bier",
    "category": "Beer",
    "currentPrice": "0.63€",
    "oldPrice": "1.45€",
    "packageSize": "0.5 Liter",
    "unitPrice": "N/A",
    "discount": "-55% billiger",
    "availabilityDateRange": "N/A",
    "productHash": "puntigamer_bier05_literbeer",
    "offerEndDate": "2025-10-29",
    "offerStartDate": "2025-10-29",
    "currentPriceNumeric": 0.63,
    "oldPriceNumeric": 1.45,
    "storeName": "BILLA"
  },
  {
    "productName": "Wieselburger Bier",
    "category": "Beer",
    "currentPrice": "0.63€",
    "oldPrice": "1.27€",
    "packageSize": "0.5 Liter Einweg",
    "unitPrice": "N/A",
    "discount": "12+12 gratis",
    "availabilityDateRange": "N/A",
    "productHash": "wieselburger_bier05_liter_einwegbeer",
    "offerEndDate": "2025-10-29",
    "offerStartDate": "2025-10-29",
    "currentPriceNumeric": 0.63,
    "oldPriceNumeric": 1.27,
    "storeName": "BILLA"
  },
  {
    "productName": "Wieselburger Bier",
    "category": "Beer",
    "currentPrice": "13.80€",
    "oldPrice": "25.80€",
    "packageSize": "1 Kiste (20 Flaschen)",
    "unitPrice": "N/A",
    "discount": "-46% billiger",
    "availabilityDateRange": "N/A",
    "productHash": "wieselburger_bier1_kiste_20_flaschenbeer",
    "offerEndDate": "2025-10-29",
    "offerStartDate": "2025-10-29",
    "currentPriceNumeric": 13.8,
    "oldPriceNumeric": 25.8,
    "storeName": "BILLA"
  },
  {
    "productName": "Gösser Bier",
    "category": "Beer",
    "currentPrice": "14.40€",
    "oldPrice": "28.80€",
    "packageSize": "1 Kiste (20 Flaschen)",
    "unitPrice": "N/A",
    "discount": "-50% billiger",
    "availabilityDateRange": "N/A",
    "productHash": "gösser_bier1_kiste_20_flaschenbeer",
    "offerEndDate": "2025-10-29",
    "offerStartDate": "2025-10-29",
    "currentPriceNumeric": 14.4,
    "oldPriceNumeric": 28.8,
    "storeName": "BILLA"
  },
  {
    "productName": "Kelly's Chips div. Sorten",
    "category": "Snacks",
    "currentPrice": "1.99€",
    "oldPrice": "2.99€",
    "packageSize": "175 g",
    "unitPrice": "N/A",
    "discount": "2+1 gratis",
    "availabilityDateRange": "N/A",
    "productHash": "kellys_chips_div_sorten175_gsnacks",
    "offerEndDate": "2025-10-29",
    "offerStartDate": "2025-10-29",
    "currentPriceNumeric": 1.99,
    "oldPriceNumeric": 2.99,
    "storeName": "BILLA"
  },
  {
    "productName": "Werther's Original Caramel Popcorn",
    "category": "Snacks",
    "currentPrice": "1.99€",
    "oldPrice": "2.99€",
    "packageSize": "140 g - 160 g",
    "unitPrice": "N/A",
    "discount": "-1.00€ billiger",
    "availabilityDateRange": "N/A",
    "productHash": "werthers_original_caramel_popcorn140_g_160_gsnacks",
    "offerEndDate": "2025-10-29",
    "offerStartDate": "2025-10-29",
    "currentPriceNumeric": 1.99,
    "oldPriceNumeric": 2.99,
    "storeName": "BILLA"
  },
  {
    "productName": "Tuc Cracker Classic od. Original",
    "category": "Crackers",
    "currentPrice": "3.49€",
    "oldPrice": "4.49€",
    "packageSize": "300 g - 3 x 100 g",
    "unitPrice": "N/A",
    "discount": "-1.00€ billiger",
    "availabilityDateRange": "N/A",
    "productHash": "tuc_cracker_classic_od_original300_g_3_x_100_gcrackers",
    "offerEndDate": "2025-10-29",
    "offerStartDate": "2025-10-29",
    "currentPriceNumeric": 3.49,
    "oldPriceNumeric": 4.49,
    "storeName": "BILLA"
  },
  {
    "productName": "Chio Tortillas Chips div. Sorten",
    "category": "Snacks",
    "currentPrice": "1.24€",
    "oldPrice": "2.49€",
    "packageSize": "100 g - 125 g",
    "unitPrice": "N/A",
    "discount": "1+1 gratis",
    "availabilityDateRange": "N/A",
    "productHash": "chio_tortillas_chips_div_sorten100_g_125_gsnacks",
    "offerEndDate": "2025-10-29",
    "offerStartDate": "2025-10-29",
    "currentPriceNumeric": 1.24,
    "oldPriceNumeric": 2.49,
    "storeName": "BILLA"
  },
  {
    "productName": "Piccini Chianti Riserva DOCG",
    "category": "Wine",
    "currentPrice": "7.99€",
    "oldPrice": "N/A",
    "packageSize": "0.75 Liter Flasche",
    "unitPrice": "N/A",
    "discount": "1+1 gratis",
    "availabilityDateRange": "N/A",
    "productHash": "piccini_chianti_riserva_docg075_liter_flaschewine",
    "offerEndDate": "2025-10-29",
    "offerStartDate": "2025-10-29",
    "currentPriceNumeric": 7.99,
    "oldPriceNumeric": null,
    "storeName": "BILLA"
  },
  {
    "productName": "Berliner Luft Pfefferminzlikör",
    "category": "Liqueur",
    "currentPrice": "8.99€",
    "oldPrice": "13.99€",
    "packageSize": "0.7 Liter",
    "unitPrice": "N/A",
    "discount": "-32% billiger",
    "availabilityDateRange": "N/A",
    "productHash": "berliner_luft_pfefferminzlikör07_literliqueur",
    "offerEndDate": "2025-10-29",
    "offerStartDate": "2025-10-29",
    "currentPriceNumeric": 8.99,
    "oldPriceNumeric": 13.99,
    "storeName": "BILLA"
  },
  {
    "productName": "clever Putenschinken geschnitten",
    "category": "Cold Cuts",
    "currentPrice": "1.99€",
    "oldPrice": "2.69€",
    "packageSize": "125 g",
    "unitPrice": "N/A",
    "discount": "N/A",
    "availabilityDateRange": "N/A",
    "productHash": "clever_putenschinken_geschnitten125_gcold_cuts",
    "offerEndDate": "2025-10-29",
    "offerStartDate": "2025-10-29",
    "currentPriceNumeric": 1.99,
    "oldPriceNumeric": 2.69,
    "storeName": "BILLA"
  },
  {
    "productName": "clever Cabanossi",
    "category": "Sausages",
    "currentPrice": "2.99€",
    "oldPrice": "3.49€",
    "packageSize": "300 g",
    "unitPrice": "9.97/kg",
    "discount": "N/A",
    "availabilityDateRange": "N/A",
    "productHash": "clever_cabanossi300_gsausages",
    "offerEndDate": "2025-10-29",
    "offerStartDate": "2025-10-29",
    "currentPriceNumeric": 2.99,
    "oldPriceNumeric": 3.49,
    "storeName": "BILLA"
  },
  {
    "productName": "clever Korree od. Schopf Steak",
    "category": "Meat & Poultry",
    "currentPrice": "5.99€",
    "oldPrice": "7.99€",
    "packageSize": "per Kilo",
    "unitPrice": "N/A",
    "discount": "N/A",
    "availabilityDateRange": "N/A",
    "productHash": "clever_korree_od_schopf_steakper_kilomeat_poultry",
    "offerEndDate": "2025-10-29",
    "offerStartDate": "2025-10-29",
    "currentPriceNumeric": 5.99,
    "oldPriceNumeric": 7.99,
    "storeName": "BILLA"
  },
  {
    "productName": "clever Joghurt 0,1% Fett",
    "category": "Yogurt",
    "currentPrice": "0.45€",
    "oldPrice": "0.49€",
    "packageSize": "150 g",
    "unitPrice": "3.00/kg",
    "discount": "N/A",
    "availabilityDateRange": "N/A",
    "productHash": "clever_joghurt_01_fett150_gyogurt",
    "offerEndDate": "2025-10-29",
    "offerStartDate": "2025-10-29",
    "currentPriceNumeric": 0.45,
    "oldPriceNumeric": 0.49,
    "storeName": "BILLA"
  },
  {
    "productName": "clever Frischkäse Natur",
    "category": "Cheese",
    "currentPrice": "1.79€",
    "oldPrice": "1.99€",
    "packageSize": "175 g",
    "unitPrice": "N/A",
    "discount": "N/A",
    "availabilityDateRange": "N/A",
    "productHash": "clever_frischkäse_natur175_gcheese",
    "offerEndDate": "2025-10-29",
    "offerStartDate": "2025-10-29",
    "currentPriceNumeric": 1.79,
    "oldPriceNumeric": 1.99,
    "storeName": "BILLA"
  },
  {
    "productName": "clever Erdäpfelsalat",
    "category": "Salads",
    "currentPrice": "1.79€",
    "oldPrice": "1.99€",
    "packageSize": "500 g Packung",
    "unitPrice": "3.58/kg",
    "discount": "N/A",
    "availabilityDateRange": "N/A",
    "productHash": "clever_erdäpfelsalat500_g_packungsalads",
    "offerEndDate": "2025-10-29",
    "offerStartDate": "2025-10-29",
    "currentPriceNumeric": 1.79,
    "oldPriceNumeric": 1.99,
    "storeName": "BILLA"
  },
  {
    "productName": "clever Chicken Tikka Masala",
    "category": "Ready Meals",
    "currentPrice": "1.99€",
    "oldPrice": "2.49€",
    "packageSize": "300 g",
    "unitPrice": "6.63/kg",
    "discount": "N/A",
    "availabilityDateRange": "N/A",
    "productHash": "clever_chicken_tikka_masala300_gready_meals",
    "offerEndDate": "2025-10-29",
    "offerStartDate": "2025-10-29",
    "currentPriceNumeric": 1.99,
    "oldPriceNumeric": 2.49,
    "storeName": "BILLA"
  },
  {
    "productName": "clever Creme fraîche",
    "category": "Dairy",
    "currentPrice": "0.99€",
    "oldPrice": "1.09€",
    "packageSize": "150 g",
    "unitPrice": "6.60/kg",
    "discount": "N/A",
    "availabilityDateRange": "N/A",
    "productHash": "clever_creme_fraîche150_gdairy",
    "offerEndDate": "2025-10-29",
    "offerStartDate": "2025-10-29",
    "currentPriceNumeric": 0.99,
    "oldPriceNumeric": 1.09,
    "storeName": "BILLA"
  },
  {
    "productName": "clever Fadenkäse",
    "category": "Cheese",
    "currentPrice": "1.79€",
    "oldPrice": "1.99€",
    "packageSize": "100 g",
    "unitPrice": "17.90/kg",
    "discount": "N/A",
    "availabilityDateRange": "N/A",
    "productHash": "clever_fadenkäse100_gcheese",
    "offerEndDate": "2025-10-29",
    "offerStartDate": "2025-10-29",
    "currentPriceNumeric": 1.79,
    "oldPriceNumeric": 1.99,
    "storeName": "BILLA"
  },
  {
    "productName": "clever Weizenmehl glatt",
    "category": "Flour",
    "currentPrice": "0.89€",
    "oldPrice": "0.99€",
    "packageSize": "1 kg",
    "unitPrice": "N/A",
    "discount": "N/A",
    "availabilityDateRange": "N/A",
    "productHash": "clever_weizenmehl_glatt1_kgflour",
    "offerEndDate": "2025-10-29",
    "offerStartDate": "2025-10-29",
    "currentPriceNumeric": 0.89,
    "oldPriceNumeric": 0.99,
    "storeName": "BILLA"
  },
  {
    "productName": "clever Weißbrot",
    "category": "Bread",
    "currentPrice": "1.19€",
    "oldPrice": "1.29€",
    "packageSize": "500 g",
    "unitPrice": "2.38/kg",
    "discount": "N/A",
    "availabilityDateRange": "N/A",
    "productHash": "clever_weißbrot500_gbread",
    "offerEndDate": "2025-10-29",
    "offerStartDate": "2025-10-29",
    "currentPriceNumeric": 1.19,
    "oldPriceNumeric": 1.29,
    "storeName": "BILLA"
  },
  {
    "productName": "clever Milch 3,5% Fett",
    "category": "Dairy",
    "currentPrice": "1.59€",
    "oldPrice": "1.69€",
    "packageSize": "1 Liter",
    "unitPrice": "N/A",
    "discount": "N/A",
    "availabilityDateRange": "N/A",
    "productHash": "clever_milch_35_fett1_literdairy",
    "offerEndDate": "2025-10-29",
    "offerStartDate": "2025-10-29",
    "currentPriceNumeric": 1.59,
    "oldPriceNumeric": 1.69,
    "storeName": "BILLA"
  },
  {
    "productName": "clever Frischekäse Bresso",
    "category": "Cheese",
    "currentPrice": "1.59€",
    "oldPrice": "1.79€",
    "packageSize": "125 g",
    "unitPrice": "12.72/kg",
    "discount": "N/A",
    "availabilityDateRange": "N/A",
    "productHash": "clever_frischekäse_bresso125_gcheese",
    "offerEndDate": "2025-10-29",
    "offerStartDate": "2025-10-29",
    "currentPriceNumeric": 1.59,
    "oldPriceNumeric": 1.79,
    "storeName": "BILLA"
  },
  {
    "productName": "clever Espresso Kapseln",
    "category": "Coffee",
    "currentPrice": "2.99€",
    "oldPrice": "3.49€",
    "packageSize": "10 Stk.",
    "unitPrice": "N/A",
    "discount": "N/A",
    "availabilityDateRange": "N/A",
    "productHash": "clever_espresso_kapseln10_stkcoffee",
    "offerEndDate": "2025-10-29",
    "offerStartDate": "2025-10-29",
    "currentPriceNumeric": 2.99,
    "oldPriceNumeric": 3.49,
    "storeName": "BILLA"
  },
  {
    "productName": "clever Cappuccino Extra Stark",
    "category": "Coffee",
    "currentPrice": "3.49€",
    "oldPrice": "3.99€",
    "packageSize": "400 g",
    "unitPrice": "8.73/kg",
    "discount": "N/A",
    "availabilityDateRange": "N/A",
    "productHash": "clever_cappuccino_extra_stark400_gcoffee",
    "offerEndDate": "2025-10-29",
    "offerStartDate": "2025-10-29",
    "currentPriceNumeric": 3.49,
    "oldPriceNumeric": 3.99,
    "storeName": "BILLA"
  },
  {
    "productName": "clever Apfel od. Orangensaft naturtrüb",
    "category": "Juice",
    "currentPrice": "1.29€",
    "oldPrice": "1.49€",
    "packageSize": "1 Liter",
    "unitPrice": "N/A",
    "discount": "N/A",
    "availabilityDateRange": "N/A",
    "productHash": "clever_apfel_od_orangensaft_naturtrüb1_literjuice",
    "offerEndDate": "2025-10-29",
    "offerStartDate": "2025-10-29",
    "currentPriceNumeric": 1.29,
    "oldPriceNumeric": 1.49,
    "storeName": "BILLA"
  },
  {
    "productName": "clever Sirup Hollunder od. Himbeer",
    "category": "Syrups",
    "currentPrice": "2.99€",
    "oldPrice": "3.49€",
    "packageSize": "0.7 Liter",
    "unitPrice": "N/A",
    "discount": "N/A",
    "availabilityDateRange": "N/A",
    "productHash": "clever_sirup_hollunder_od_himbeer07_litersyrups",
    "offerEndDate": "2025-10-29",
    "offerStartDate": "2025-10-29",
    "currentPriceNumeric": 2.99,
    "oldPriceNumeric": 3.49,
    "storeName": "BILLA"
  },
  {
    "productName": "clever Mürbiskeitskekse mit Schokoboden",
    "category": "Biscuits",
    "currentPrice": "1.49€",
    "oldPrice": "1.69€",
    "packageSize": "200 g Packung",
    "unitPrice": "7.45/kg",
    "discount": "N/A",
    "availabilityDateRange": "N/A",
    "productHash": "clever_mürbiskeitskekse_mit_schokoboden200_g_packungbiscuits",
    "offerEndDate": "2025-10-29",
    "offerStartDate": "2025-10-29",
    "currentPriceNumeric": 1.49,
    "oldPriceNumeric": 1.69,
    "storeName": "BILLA"
  },
  {
    "productName": "clever Soft Cake Orange",
    "category": "Biscuits",
    "currentPrice": "1.99€",
    "oldPrice": "2.49€",
    "packageSize": "200 g Packung",
    "unitPrice": "9.95/kg",
    "discount": "N/A",
    "availabilityDateRange": "N/A",
    "productHash": "clever_soft_cake_orange200_g_packungbiscuits",
    "offerEndDate": "2025-10-29",
    "offerStartDate": "2025-10-29",
    "currentPriceNumeric": 1.99,
    "oldPriceNumeric": 2.49,
    "storeName": "BILLA"
  },
  {
    "productName": "clever Party Shots div. Sorten",
    "category": "Confectionery",
    "currentPrice": "7.99€",
    "oldPrice": "8.99€",
    "packageSize": "32 Stück",
    "unitPrice": "N/A",
    "discount": "N/A",
    "availabilityDateRange": "N/A",
    "productHash": "clever_party_shots_div_sorten32_stückconfectionery",
    "offerEndDate": "2025-10-29",
    "offerStartDate": "2025-10-29",
    "currentPriceNumeric": 7.99,
    "oldPriceNumeric": 8.99,
    "storeName": "BILLA"
  },
  {
    "productName": "clever Brezein gesalzen",
    "category": "Snacks",
    "currentPrice": "0.99€",
    "oldPrice": "1.25€",
    "packageSize": "250 g Packung",
    "unitPrice": "3.96/kg",
    "discount": "N/A",
    "availabilityDateRange": "N/A",
    "productHash": "clever_brezein_gesalzen250_g_packungsnacks",
    "offerEndDate": "2025-10-29",
    "offerStartDate": "2025-10-29",
    "currentPriceNumeric": 0.99,
    "oldPriceNumeric": 1.25,
    "storeName": "BILLA"
  },
  {
    "productName": "clever Himbeer-, Marillen- od. Erdbeermarmelade",
    "category": "Jams & Spreads",
    "currentPrice": "1.59€",
    "oldPrice": "1.99€",
    "packageSize": "350 g Glas",
    "unitPrice": "4.54/kg",
    "discount": "N/A",
    "availabilityDateRange": "N/A",
    "productHash": "clever_himbeer_marillen_od_erdbeermarmelade350_g_glasjams_sp",
    "offerEndDate": "2025-10-29",
    "offerStartDate": "2025-10-29",
    "currentPriceNumeric": 1.59,
    "oldPriceNumeric": 1.99,
    "storeName": "BILLA"
  },
  {
    "productName": "clever Schoko-Creme",
    "category": "Spreads",
    "currentPrice": "2.49€",
    "oldPrice": "3.39€",
    "packageSize": "750 g Glas",
    "unitPrice": "3.32/kg",
    "discount": "N/A",
    "availabilityDateRange": "N/A",
    "productHash": "clever_schoko_creme750_g_glasspreads",
    "offerEndDate": "2025-10-29",
    "offerStartDate": "2025-10-29",
    "currentPriceNumeric": 2.49,
    "oldPriceNumeric": 3.39,
    "storeName": "BILLA"
  },
  {
    "productName": "clever Toilettenpapier",
    "category": "Paper Products",
    "currentPrice": "4.39€",
    "oldPrice": "N/A",
    "packageSize": "N/A",
    "unitPrice": "N/A",
    "discount": "N/A",
    "availabilityDateRange": "N/A",
    "productHash": "clever_toilettenpapiernapaper_products",
    "offerEndDate": "2025-10-29",
    "offerStartDate": "2025-10-29",
    "currentPriceNumeric": 4.39,
    "oldPriceNumeric": null,
    "storeName": "BILLA"
  },
  {
    "productName": "clever Thonfisch in Olivenöl",
    "category": "Canned Fish",
    "currentPrice": "1.89€",
    "oldPrice": "2.18€",
    "packageSize": "185 g Dose",
    "unitPrice": "10.22/kg",
    "discount": "N/A",
    "availabilityDateRange": "N/A",
    "productHash": "clever_thonfisch_in_olivenöl185_g_dosecanned_fish",
    "offerEndDate": "2025-10-29",
    "offerStartDate": "2025-10-29",
    "currentPriceNumeric": 1.89,
    "oldPriceNumeric": 2.18,
    "storeName": "BILLA"
  },
  {
    "productName": "clever Handwaschmittel",
    "category": "Laundry Detergent",
    "currentPrice": "1.79€",
    "oldPrice": "3.99€",
    "packageSize": "1 Liter",
    "unitPrice": "N/A",
    "discount": "N/A",
    "availabilityDateRange": "N/A",
    "productHash": "clever_handwaschmittel1_literlaundry_detergent",
    "offerEndDate": "2025-10-29",
    "offerStartDate": "2025-10-29",
    "currentPriceNumeric": 1.79,
    "oldPriceNumeric": 3.99,
    "storeName": "BILLA"
  },
  {
    "productName": "Wiesbauer Kaiserbraten, Selchwürstel od. Spezial od. Käsewurst geschnitten",
    "category": "Cold Cuts",
    "currentPrice": "1.99€",
    "oldPrice": "2.99€",
    "packageSize": "80 g",
    "unitPrice": "N/A",
    "discount": "2+1 gratis",
    "availabilityDateRange": "N/A",
    "productHash": "wiesbauer_kaiserbraten_selchwürstel_od_spezial_od_käsewurst_",
    "offerEndDate": "2025-10-29",
    "offerStartDate": "2025-10-29",
    "currentPriceNumeric": 1.99,
    "oldPriceNumeric": 2.99,
    "storeName": "BILLA"
  },
  {
    "productName": "4 Diamanten Thunfisch in Öl od. in Wasser",
    "category": "Canned Fish",
    "currentPrice": "2.32€",
    "oldPrice": "3.49€",
    "packageSize": "185 g",
    "unitPrice": "N/A",
    "discount": "2+1 gratis",
    "availabilityDateRange": "N/A",
    "productHash": "4_diamanten_thunfisch_in_öl_od_in_wasser185_gcanned_fish",
    "offerEndDate": "2025-10-29",
    "offerStartDate": "2025-10-29",
    "currentPriceNumeric": 2.32,
    "oldPriceNumeric": 3.49,
    "storeName": "BILLA"
  },
  {
    "productName": "Illy Espresso div. Sorten",
    "category": "Coffee",
    "currentPrice": "6.99€",
    "oldPrice": "10.50€",
    "packageSize": "250 g Dose",
    "unitPrice": "27.96/kg",
    "discount": "-33% billiger",
    "availabilityDateRange": "N/A",
    "productHash": "illy_espresso_div_sorten250_g_dosecoffee",
    "offerEndDate": "2025-10-29",
    "offerStartDate": "2025-10-29",
    "currentPriceNumeric": 6.99,
    "oldPriceNumeric": 10.5,
    "storeName": "BILLA"
  },
  {
    "productName": "Vöslauer Mineralwasser div. Sorten",
    "category": "Mineral Water",
    "currentPrice": "0.47€",
    "oldPrice": "0.95€",
    "packageSize": "1 Liter",
    "unitPrice": "N/A",
    "discount": "3+3 gratis",
    "availabilityDateRange": "N/A",
    "productHash": "vöslauer_mineralwasser_div_sorten1_litermineral_water",
    "offerEndDate": "2025-10-29",
    "offerStartDate": "2025-10-29",
    "currentPriceNumeric": 0.47,
    "oldPriceNumeric": 0.95,
    "storeName": "BILLA"
  },
  {
    "productName": "Cosy Toilettenpapier",
    "category": "Paper Products",
    "currentPrice": "6.79€",
    "oldPrice": "N/A",
    "packageSize": "20 Rollen",
    "unitPrice": "N/A",
    "discount": "N/A",
    "availabilityDateRange": "N/A",
    "productHash": "cosy_toilettenpapier20_rollenpaper_products",
    "offerEndDate": "2025-10-29",
    "offerStartDate": "2025-10-29",
    "currentPriceNumeric": 6.79,
    "oldPriceNumeric": null,
    "storeName": "BILLA"
  },
  {
    "productName": "Kabeljaufilet",
    "category": "Fish",
    "currentPrice": "4.29€",
    "oldPrice": "6.99€",
    "packageSize": "per Kilo",
    "unitPrice": "N/A",
    "discount": "-37% billiger",
    "availabilityDateRange": "N/A",
    "productHash": "kabeljaufiletper_kilofish",
    "offerEndDate": "2025-10-29",
    "offerStartDate": "2025-10-29",
    "currentPriceNumeric": 4.29,
    "oldPriceNumeric": 6.99,
    "storeName": "BILLA"
  },
  {
    "productName": "Ambiaano Infrarot Lampe/Massagegerät",
    "category": "Health & Wellness",
    "currentPrice": "7,99€",
    "oldPrice": "16,99€",
    "packageSize": "N/A",
    "unitPrice": "N/A",
    "discount": "-52%",
    "availabilityDateRange": "AB DO. 30.10.",
    "productHash": "ambiaano_infrarot_lampemassagegerätnahealth_wellness",
    "offerEndDate": "2025-10-30",
    "offerStartDate": "2025-10-30",
    "currentPriceNumeric": 7.99,
    "oldPriceNumeric": 16.99,
    "storeName": "HOFER"
  },
  {
    "productName": "Glem Vital XXL Shampoo",
    "category": "Hair Care",
    "currentPrice": "3,99€",
    "oldPrice": "N/A",
    "packageSize": "250 ml",
    "unitPrice": "0,53€/100 ml",
    "discount": "N/A",
    "availabilityDateRange": "AB DO. 30.10.",
    "productHash": "glem_vital_xxl_shampoo250_mlhair_care",
    "offerEndDate": "2025-10-30",
    "offerStartDate": "2025-10-30",
    "currentPriceNumeric": 3.99,
    "oldPriceNumeric": null,
    "storeName": "HOFER"
  },
  {
    "productName": "Stiegl Goldbräu",
    "category": "Beer",
    "currentPrice": "13,00€",
    "oldPrice": "14,60€",
    "packageSize": "20 x 0,5 l",
    "unitPrice": "0,65€/Liter",
    "discount": "N/A",
    "availabilityDateRange": "FR. 24.10. UND SA. 25.10.",
    "productHash": "stiegl_goldbräu20_x_05_lbeer",
    "offerEndDate": "2025-10-30",
    "offerStartDate": "2025-10-30",
    "currentPriceNumeric": 13.0,
    "oldPriceNumeric": 14.6,
    "storeName": "HOFER"
  },
  {
    "productName": "Philadelphia Frischkäse",
    "category": "Dairy",
    "currentPrice": "1,34€",
    "oldPrice": "2,69€",
    "packageSize": "265 g",
    "unitPrice": "0,51€/100 g",
    "discount": "-50%",
    "availabilityDateRange": "FR. 24.10. UND SA. 25.10.",
    "productHash": "philadelphia_frischkäse265_gdairy",
    "offerEndDate": "2025-10-30",
    "offerStartDate": "2025-10-30",
    "currentPriceNumeric": 1.34,
    "oldPriceNumeric": 2.69,
    "storeName": "HOFER"
  },
  {
    "productName": "Coca-Cola Limonaden",
    "category": "Soft Drinks",
    "currentPrice": "1,19€",
    "oldPrice": "N/A",
    "packageSize": "1,5 l",
    "unitPrice": "N/A",
    "discount": "3+3 Gratis",
    "availabilityDateRange": "FR. 24.10. UND SA. 25.10.",
    "productHash": "coca_cola_limonaden15_lsoft_drinks",
    "offerEndDate": "2025-10-30",
    "offerStartDate": "2025-10-30",
    "currentPriceNumeric": 1.19,
    "oldPriceNumeric": null,
    "storeName": "HOFER"
  },
  {
    "productName": "Gourmet Finest Cuisine Rinderrohschinken",
    "category": "Meat & Poultry",
    "currentPrice": "1,99€",
    "oldPrice": "2,99€",
    "packageSize": "70 g",
    "unitPrice": "2,84€/100 g",
    "discount": "-33%",
    "availabilityDateRange": "MO. 27.10. BIS DO. 30.10.",
    "productHash": "gourmet_finest_cuisine_rinderrohschinken70_gmeat_poultry",
    "offerEndDate": "2025-10-30",
    "offerStartDate": "2025-10-30",
    "currentPriceNumeric": 1.99,
    "oldPriceNumeric": 2.99,
    "storeName": "HOFER"
  },
  {
    "productName": "Hofer Marktplatz Paprika-Mix",
    "category": "Vegetables",
    "currentPrice": "1,99€",
    "oldPrice": "2,99€",
    "packageSize": "500 g",
    "unitPrice": "3,98€/kg",
    "discount": "-33%",
    "availabilityDateRange": "FR. 24.10. UND SA. 25.10.",
    "productHash": "hofer_marktplatz_paprika_mix500_gvegetables",
    "offerEndDate": "2025-10-30",
    "offerStartDate": "2025-10-30",
    "currentPriceNumeric": 1.99,
    "oldPriceNumeric": 2.99,
    "storeName": "HOFER"
  },
  {
    "productName": "Zurück zum Ursprung Bio-Suppengemüse",
    "category": "Vegetables",
    "currentPrice": "1,24€",
    "oldPrice": "2,49€",
    "packageSize": "500 g",
    "unitPrice": "2,48€/kg",
    "discount": "-50%",
    "availabilityDateRange": "FR. 24.10. UND SA. 25.10.",
    "productHash": "zurück_zum_ursprung_bio_suppengemüse500_gvegetables",
    "offerEndDate": "2025-10-30",
    "offerStartDate": "2025-10-30",
    "currentPriceNumeric": 1.24,
    "oldPriceNumeric": 2.49,
    "storeName": "HOFER"
  },
  {
    "productName": "Hofer Marktplatz Himbeeren",
    "category": "Fruits",
    "currentPrice": "2,99€",
    "oldPrice": "3,99€",
    "packageSize": "200 g",
    "unitPrice": "14,95€/kg",
    "discount": "-25%",
    "availabilityDateRange": "FR. 24.10. UND SA. 25.10.",
    "productHash": "hofer_marktplatz_himbeeren200_gfruits",
    "offerEndDate": "2025-10-30",
    "offerStartDate": "2025-10-30",
    "currentPriceNumeric": 2.99,
    "oldPriceNumeric": 3.99,
    "storeName": "HOFER"
  },
  {
    "productName": "Hofer Marktplatz Kaki",
    "category": "Fruits",
    "currentPrice": "1,79€",
    "oldPrice": "2,49€",
    "packageSize": "1 kg",
    "unitPrice": "N/A",
    "discount": "-28%",
    "availabilityDateRange": "FR. 24.10. UND SA. 25.10.",
    "productHash": "hofer_marktplatz_kaki1_kgfruits",
    "offerEndDate": "2025-10-30",
    "offerStartDate": "2025-10-30",
    "currentPriceNumeric": 1.79,
    "oldPriceNumeric": 2.49,
    "storeName": "HOFER"
  },
  {
    "productName": "XXL Hendlbrustfilet",
    "category": "Meat & Poultry",
    "currentPrice": "7,49€",
    "oldPrice": "N/A",
    "packageSize": "1 kg",
    "unitPrice": "N/A",
    "discount": "N/A",
    "availabilityDateRange": "FR. 24.10. UND SA. 25.10.",
    "productHash": "xxl_hendlbrustfilet1_kgmeat_poultry",
    "offerEndDate": "2025-10-30",
    "offerStartDate": "2025-10-30",
    "currentPriceNumeric": 7.49,
    "oldPriceNumeric": null,
    "storeName": "HOFER"
  },
  {
    "productName": "Fairhof Schweinesteaks",
    "category": "Meat & Poultry",
    "currentPrice": "3,99€",
    "oldPrice": "5,68€",
    "packageSize": "z.B. 444 g",
    "unitPrice": "8,99€/kg",
    "discount": "-29%",
    "availabilityDateRange": "FR. 24.10. UND SA. 25.10.",
    "productHash": "fairhof_schweinesteakszb_444_gmeat_poultry",
    "offerEndDate": "2025-10-30",
    "offerStartDate": "2025-10-30",
    "currentPriceNumeric": 3.99,
    "oldPriceNumeric": 5.68,
    "storeName": "HOFER"
  },
  {
    "productName": "Genuss 100% aus Österreich Schinkenaufschnitt",
    "category": "Meat & Poultry",
    "currentPrice": "3,99€",
    "oldPrice": "N/A",
    "packageSize": "400 g",
    "unitPrice": "1,00€/100 g",
    "discount": "N/A",
    "availabilityDateRange": "FR. 24.10. UND SA. 25.10.",
    "productHash": "genuss_100_aus_österreich_schinkenaufschnitt400_gmeat_poultr",
    "offerEndDate": "2025-10-30",
    "offerStartDate": "2025-10-30",
    "currentPriceNumeric": 3.99,
    "oldPriceNumeric": null,
    "storeName": "HOFER"
  },
  {
    "productName": "Amare Seafood ASC Cocktail Shrimps",
    "category": "Seafood",
    "currentPrice": "5,49€",
    "oldPrice": "N/A",
    "packageSize": "250 g",
    "unitPrice": "21,96€/kg",
    "discount": "N/A",
    "availabilityDateRange": "FR. 24.10. UND SA. 25.10.",
    "productHash": "amare_seafood_asc_cocktail_shrimps250_gseafood",
    "offerEndDate": "2025-10-30",
    "offerStartDate": "2025-10-30",
    "currentPriceNumeric": 5.49,
    "oldPriceNumeric": null,
    "storeName": "HOFER"
  },
  {
    "productName": "Ankermüller Speck-Variation",
    "category": "Meat & Poultry",
    "currentPrice": "1,99€",
    "oldPrice": "2,89€",
    "packageSize": "100/150 g",
    "unitPrice": "1,99€/100 g",
    "discount": "-31%",
    "availabilityDateRange": "FR. 24.10. UND SA. 25.10.",
    "productHash": "ankermüller_speck_variation100150_gmeat_poultry",
    "offerEndDate": "2025-10-30",
    "offerStartDate": "2025-10-30",
    "currentPriceNumeric": 1.99,
    "oldPriceNumeric": 2.89,
    "storeName": "HOFER"
  },
  {
    "productName": "Zurück zum Ursprung Bio-Kornspitz",
    "category": "Baked Goods",
    "currentPrice": "0,49€",
    "oldPrice": "0,69€",
    "packageSize": "N/A",
    "unitPrice": "N/A",
    "discount": "-29%",
    "availabilityDateRange": "FR. 24.10. UND SA. 25.10.",
    "productHash": "zurück_zum_ursprung_bio_kornspitznabaked_goods",
    "offerEndDate": "2025-10-30",
    "offerStartDate": "2025-10-30",
    "currentPriceNumeric": 0.49,
    "oldPriceNumeric": 0.69,
    "storeName": "HOFER"
  },
  {
    "productName": "Milsani Speisetopfen",
    "category": "Dairy",
    "currentPrice": "0,79€",
    "oldPrice": "1,19€",
    "packageSize": "250 g",
    "unitPrice": "3,16€/kg",
    "discount": "-33%",
    "availabilityDateRange": "FR. 24.10. UND SA. 25.10.",
    "productHash": "milsani_speisetopfen250_gdairy",
    "offerEndDate": "2025-10-30",
    "offerStartDate": "2025-10-30",
    "currentPriceNumeric": 0.79,
    "oldPriceNumeric": 1.19,
    "storeName": "HOFER"
  },
  {
    "productName": "Milsani Gouda Scheiben",
    "category": "Dairy",
    "currentPrice": "1,39€",
    "oldPrice": "2,34€",
    "packageSize": "250 g",
    "unitPrice": "0,56€/100 g",
    "discount": "-37%",
    "availabilityDateRange": "FR. 24.10. UND SA. 25.10.",
    "productHash": "milsani_gouda_scheiben250_gdairy",
    "offerEndDate": "2025-10-30",
    "offerStartDate": "2025-10-30",
    "currentPriceNumeric": 1.39,
    "oldPriceNumeric": 2.34,
    "storeName": "HOFER"
  },
  {
    "productName": "Milsani Back-Camembert",
    "category": "Dairy",
    "currentPrice": "1,59€",
    "oldPrice": "2,79€",
    "packageSize": "350 g",
    "unitPrice": "0,45€/100 g",
    "discount": "-43%",
    "availabilityDateRange": "FR. 24.10. UND SA. 25.10.",
    "productHash": "milsani_back_camembert350_gdairy",
    "offerEndDate": "2025-10-30",
    "offerStartDate": "2025-10-30",
    "currentPriceNumeric": 1.59,
    "oldPriceNumeric": 2.79,
    "storeName": "HOFER"
  },
  {
    "productName": "Milsani Haltbare Milch 0,5%",
    "category": "Dairy",
    "currentPrice": "0,74€",
    "oldPrice": "0,99€",
    "packageSize": "1 l",
    "unitPrice": "N/A",
    "discount": "9+3 Gratis",
    "availabilityDateRange": "FR. 24.10. UND SA. 25.10.",
    "productHash": "milsani_haltbare_milch_051_ldairy",
    "offerEndDate": "2025-10-30",
    "offerStartDate": "2025-10-30",
    "currentPriceNumeric": 0.74,
    "oldPriceNumeric": 0.99,
    "storeName": "HOFER"
  },
  {
    "productName": "Stiegl Goldbräu Dose",
    "category": "Beer",
    "currentPrice": "0,77€",
    "oldPrice": "N/A",
    "packageSize": "0,5 l",
    "unitPrice": "N/A",
    "discount": "N/A",
    "availabilityDateRange": "FR. 24.10. UND SA. 25.10.",
    "productHash": "stiegl_goldbräu_dose05_lbeer",
    "offerEndDate": "2025-10-30",
    "offerStartDate": "2025-10-30",
    "currentPriceNumeric": 0.77,
    "oldPriceNumeric": null,
    "storeName": "HOFER"
  },
  {
    "productName": "Stiegl Zitronenradler Naturtrüb",
    "category": "Beer",
    "currentPrice": "0,64€",
    "oldPrice": "1,29€",
    "packageSize": "0,33 l",
    "unitPrice": "0,97€/Liter",
    "discount": "-50%",
    "availabilityDateRange": "FR. 24.10. UND SA. 25.10.",
    "productHash": "stiegl_zitronenradler_naturtrüb033_lbeer",
    "offerEndDate": "2025-10-30",
    "offerStartDate": "2025-10-30",
    "currentPriceNumeric": 0.64,
    "oldPriceNumeric": 1.29,
    "storeName": "HOFER"
  },
  {
    "productName": "Stiegl Goldbräu Flasche (0.33l)",
    "category": "Beer",
    "currentPrice": "0,64€",
    "oldPrice": "N/A",
    "packageSize": "0,33 l",
    "unitPrice": "0,97€/Liter",
    "discount": "N/A",
    "availabilityDateRange": "FR. 24.10. UND SA. 25.10.",
    "productHash": "stiegl_goldbräu_flasche_033l033_lbeer",
    "offerEndDate": "2025-10-30",
    "offerStartDate": "2025-10-30",
    "currentPriceNumeric": 0.64,
    "oldPriceNumeric": null,
    "storeName": "HOFER"
  },
  {
    "productName": "Bellasan Sonnen-Blumenöl",
    "category": "Cooking Oil",
    "currentPrice": "1,49€",
    "oldPrice": "1,99€",
    "packageSize": "1 l",
    "unitPrice": "1,49€/Liter",
    "discount": "-25%",
    "availabilityDateRange": "FR. 24.10. UND SA. 25.10.",
    "productHash": "bellasan_sonnen_blumenöl1_lcooking_oil",
    "offerEndDate": "2025-10-30",
    "offerStartDate": "2025-10-30",
    "currentPriceNumeric": 1.49,
    "oldPriceNumeric": 1.99,
    "storeName": "HOFER"
  },
  {
    "productName": "Hot Dog",
    "category": "Meat & Poultry",
    "currentPrice": "2,49€",
    "oldPrice": "2,99€",
    "packageSize": "N/A",
    "unitPrice": "8,89€/kg",
    "discount": "N/A",
    "availabilityDateRange": "FR. 24.10. UND SA. 25.10.",
    "productHash": "hot_dognameat_poultry",
    "offerEndDate": "2025-10-30",
    "offerStartDate": "2025-10-30",
    "currentPriceNumeric": 2.49,
    "oldPriceNumeric": 2.99,
    "storeName": "HOFER"
  },
  {
    "productName": "Good Choice Lasagne",
    "category": "Ready Meals",
    "currentPrice": "2,49€",
    "oldPrice": "3,99€",
    "packageSize": "1 kg",
    "unitPrice": "N/A",
    "discount": "-37%",
    "availabilityDateRange": "FR. 24.10. UND SA. 25.10.",
    "productHash": "good_choice_lasagne1_kgready_meals",
    "offerEndDate": "2025-10-30",
    "offerStartDate": "2025-10-30",
    "currentPriceNumeric": 2.49,
    "oldPriceNumeric": 3.99,
    "storeName": "HOFER"
  },
  {
    "productName": "All Seasons Himbeeren tiefgekühlt",
    "category": "Frozen Fruits",
    "currentPrice": "2,49€",
    "oldPrice": "3,49€",
    "packageSize": "500 g",
    "unitPrice": "4,98€/kg",
    "discount": "-29%",
    "availabilityDateRange": "FR. 24.10. UND SA. 25.10.",
    "productHash": "all_seasons_himbeeren_tiefgekühlt500_gfrozen_fruits",
    "offerEndDate": "2025-10-30",
    "offerStartDate": "2025-10-30",
    "currentPriceNumeric": 2.49,
    "oldPriceNumeric": 3.49,
    "storeName": "HOFER"
  },
  {
    "productName": "Dr. Oetker Pudding Mix",
    "category": "Desserts",
    "currentPrice": "0,79€",
    "oldPrice": "1,19€",
    "packageSize": "148 g/135 g",
    "unitPrice": "0,80/0,88€/100 g",
    "discount": "-33%",
    "availabilityDateRange": "FR. 24.10. UND SA. 25.10.",
    "productHash": "dr_oetker_pudding_mix148_g135_gdesserts",
    "offerEndDate": "2025-10-30",
    "offerStartDate": "2025-10-30",
    "currentPriceNumeric": 0.79,
    "oldPriceNumeric": 1.19,
    "storeName": "HOFER"
  },
  {
    "productName": "Dr. Oetker Germ",
    "category": "Baking Ingredients",
    "currentPrice": "0,59€",
    "oldPrice": "0,99€",
    "packageSize": "3 Stk.",
    "unitPrice": "N/A",
    "discount": "-40%",
    "availabilityDateRange": "FR. 24.10. UND SA. 25.10.",
    "productHash": "dr_oetker_germ3_stkbaking_ingredients",
    "offerEndDate": "2025-10-30",
    "offerStartDate": "2025-10-30",
    "currentPriceNumeric": 0.59,
    "oldPriceNumeric": 0.99,
    "storeName": "HOFER"
  },
  {
    "productName": "Dragée Kekse",
    "category": "Biscuits",
    "currentPrice": "1,99€",
    "oldPrice": "2,99€",
    "packageSize": "165 g",
    "unitPrice": "1,21€/100 g",
    "discount": "-33%",
    "availabilityDateRange": "FR. 24.10. UND SA. 25.10.",
    "productHash": "dragée_kekse165_gbiscuits",
    "offerEndDate": "2025-10-30",
    "offerStartDate": "2025-10-30",
    "currentPriceNumeric": 1.99,
    "oldPriceNumeric": 2.99,
    "storeName": "HOFER"
  },
  {
    "productName": "Finish Geschirrspülcaps",
    "category": "Cleaning Supplies",
    "currentPrice": "7,69€",
    "oldPrice": "10,49€",
    "packageSize": "50/45/40 Tabs",
    "unitPrice": "0,18/0,19/0,21€/Tab",
    "discount": "-26%",
    "availabilityDateRange": "FR. 24.10. UND SA. 25.10.",
    "productHash": "finish_geschirrspülcaps504540_tabscleaning_supplies",
    "offerEndDate": "2025-10-30",
    "offerStartDate": "2025-10-30",
    "currentPriceNumeric": 7.69,
    "oldPriceNumeric": 10.49,
    "storeName": "HOFER"
  },
  {
    "productName": "Bio Vanille-Extrakt",
    "category": "Baking Ingredients",
    "currentPrice": "2,99€",
    "oldPrice": "N/A",
    "packageSize": "50 ml",
    "unitPrice": "5,98€/100 ml",
    "discount": "N/A",
    "availabilityDateRange": "AB FR. 24.10.",
    "productHash": "bio_vanille_extrakt50_mlbaking_ingredients",
    "offerEndDate": "2025-10-30",
    "offerStartDate": "2025-10-30",
    "currentPriceNumeric": 2.99,
    "oldPriceNumeric": null,
    "storeName": "HOFER"
  },
  {
    "productName": "Bio Zitronen-/Orangenschale",
    "category": "Baking Ingredients",
    "currentPrice": "0,89€",
    "oldPrice": "N/A",
    "packageSize": "10 g",
    "unitPrice": "8,90€/100 g",
    "discount": "N/A",
    "availabilityDateRange": "AB FR. 24.10.",
    "productHash": "bio_zitronen_orangenschale10_gbaking_ingredients",
    "offerEndDate": "2025-10-30",
    "offerStartDate": "2025-10-30",
    "currentPriceNumeric": 0.89,
    "oldPriceNumeric": null,
    "storeName": "HOFER"
  },
  {
    "productName": "Haas Bio-Backoblaten",
    "category": "Pantry & Baking (Grundnahrungsmittel)",
    "currentPrice": "0,99€",
    "oldPrice": "1,19€",
    "packageSize": "25 g",
    "unitPrice": "4,30€/100 g",
    "discount": "N/A",
    "availabilityDateRange": "AB FR. 24.10.",
    "productHash": "haas-bio-backoblaten",
    "offerEndDate": "2023-10-26",
    "offerStartDate": "2023-10-26",
    "currentPriceNumeric": 0.99,
    "oldPriceNumeric": 1.19,
    "storeName": "HOFER",
    "searchTags": [
      "haas",
      "bio",
      "backoblaten",
      "oblaten",
      "backen",
      "waffel",
      "backzutat",
      "baking wafer",
      "organic",
      "baking ingredient"
    ]
  },
  {
    "productName": "Bells Kandierte Früchte",
    "category": "Pantry & Baking (Grundnahrungsmittel)",
    "currentPrice": "0,79€",
    "oldPrice": "N/A",
    "packageSize": "100 g",
    "unitPrice": "7,90€/kg",
    "discount": "N/A",
    "availabilityDateRange": "AB FR. 24.10.",
    "productHash": "bells-kandierte-fruechte",
    "offerEndDate": "2023-10-26",
    "offerStartDate": "2023-10-26",
    "currentPriceNumeric": 0.79,
    "oldPriceNumeric": null,
    "storeName": "HOFER",
    "searchTags": [
      "bells",
      "kandiert",
      "fruechte",
      "backzutat",
      "frucht",
      "confiert",
      "candied fruit",
      "baking ingredient",
      "fruit mix",
      "dried fruit"
    ]
  },
  {
    "productName": "Happy Harvest XXL Walnusskerne",
    "category": "Pantry & Baking (Grundnahrungsmittel)",
    "currentPrice": "6,99€",
    "oldPrice": "N/A",
    "packageSize": "500 g",
    "unitPrice": "13,98€/kg",
    "discount": "N/A",
    "availabilityDateRange": "AB FR. 24.10.",
    "productHash": "happy-harvest-xxl-walnusskerne",
    "offerEndDate": "2023-10-26",
    "offerStartDate": "2023-10-26",
    "currentPriceNumeric": 6.99,
    "oldPriceNumeric": null,
    "storeName": "HOFER",
    "searchTags": [
      "happy harvest",
      "walnuss",
      "walnusskerne",
      "nuss",
      "kerne",
      "backen",
      "snack",
      "walnut",
      "nuts",
      "baking ingredient",
      "xxl"
    ]
  },
  {
    "productName": "Bella XXL Mandeln Natur gemahlen",
    "category": "Pantry & Baking (Grundnahrungsmittel)",
    "currentPrice": "4,99€",
    "oldPrice": "N/A",
    "packageSize": "500 g",
    "unitPrice": "9,98€/kg",
    "discount": "N/A",
    "availabilityDateRange": "AB FR. 24.10.",
    "productHash": "bella-xxl-mandeln-natur-gemahlen",
    "offerEndDate": "2023-10-26",
    "offerStartDate": "2023-10-26",
    "currentPriceNumeric": 4.99,
    "oldPriceNumeric": null,
    "storeName": "HOFER",
    "searchTags": [
      "bella",
      "mandeln",
      "natur",
      "gemahlen",
      "nuss",
      "backzutat",
      "mandelmehl",
      "almonds",
      "ground almonds",
      "baking ingredient",
      "xxl"
    ]
  },
  {
    "productName": "Bella XXL Mandeln gemahlen",
    "category": "Pantry & Baking (Grundnahrungsmittel)",
    "currentPrice": "4,98€",
    "oldPrice": "N/A",
    "packageSize": "500 g",
    "unitPrice": "9,96€/kg",
    "discount": "N/A",
    "availabilityDateRange": "AB FR. 24.10.",
    "productHash": "bella-xxl-mandeln-gemahlen",
    "offerEndDate": "2023-10-26",
    "offerStartDate": "2023-10-26",
    "currentPriceNumeric": 4.98,
    "oldPriceNumeric": null,
    "storeName": "HOFER",
    "searchTags": [
      "bella",
      "mandeln",
      "gemahlen",
      "nuss",
      "backzutat",
      "mandelmehl",
      "almonds",
      "ground almonds",
      "baking ingredient",
      "xxl"
    ]
  },
  {
    "productName": "Happy Harvest XXL Haselnüsse gemahlen",
    "category": "Pantry & Baking (Grundnahrungsmittel)",
    "currentPrice": "6,99€",
    "oldPrice": "N/A",
    "packageSize": "500 g",
    "unitPrice": "13,98€/kg",
    "discount": "N/A",
    "availabilityDateRange": "AB FR. 24.10.",
    "productHash": "happy-harvest-xxl-haselnuesse-gemahlen",
    "offerEndDate": "2023-10-26",
    "offerStartDate": "2023-10-26",
    "currentPriceNumeric": 6.99,
    "oldPriceNumeric": null,
    "storeName": "HOFER",
    "searchTags": [
      "happy harvest",
      "haselnuesse",
      "gemahlen",
      "nuss",
      "backzutat",
      "haselnussmehl",
      "hazelnuts",
      "ground hazelnuts",
      "baking ingredient",
      "xxl"
    ]
  },
  {
    "productName": "Finest Bakery Backkuchen",
    "category": "Pantry & Baking (Grundnahrungsmittel)",
    "currentPrice": "5,99€",
    "oldPrice": "N/A",
    "packageSize": "z.B. 530 g",
    "unitPrice": "4,79€/kg",
    "discount": "N/A",
    "availabilityDateRange": "AB FR. 24.10.",
    "productHash": "finest-bakery-backkuchen",
    "offerEndDate": "2023-10-26",
    "offerStartDate": "2023-10-26",
    "currentPriceNumeric": 5.99,
    "oldPriceNumeric": null,
    "storeName": "HOFER",
    "searchTags": [
      "finest bakery",
      "backkuchen",
      "kuchen",
      "backen",
      "fertigkuchen",
      "kuchenbackmischung",
      "cake",
      "baking mix",
      "dessert",
      "bakery"
    ]
  },
  {
    "productName": "Goldland Eier aus Bodenhaltung",
    "category": "Dairy & Eggs (Milchprodukte & Eier)",
    "currentPrice": "3,99€",
    "oldPrice": "N/A",
    "packageSize": "18 Stk.",
    "unitPrice": "0,22€/Stück",
    "discount": "3 Stk. gratis",
    "availabilityDateRange": "AB FR. 24.10.",
    "productHash": "goldland-eier-aus-bodenhaltung",
    "offerEndDate": "2023-10-26",
    "offerStartDate": "2023-10-26",
    "currentPriceNumeric": 3.99,
    "oldPriceNumeric": null,
    "storeName": "HOFER",
    "searchTags": [
      "goldland",
      "eier",
      "bodenhaltung",
      "ei",
      "frisch",
      "frische eier",
      "huehnereier",
      "eggs",
      "dairy",
      "free-range eggs"
    ]
  },
  {
    "productName": "Thea Würfel",
    "category": "Pantry & Baking (Grundnahrungsmittel)",
    "currentPrice": "0,99€",
    "oldPrice": "1,29€",
    "packageSize": "250 g",
    "unitPrice": "0,40€/100 g",
    "discount": "N/A",
    "availabilityDateRange": "AB FR. 24.10.",
    "productHash": "thea-wuerfel",
    "offerEndDate": "2023-10-26",
    "offerStartDate": "2023-10-26",
    "currentPriceNumeric": 0.99,
    "oldPriceNumeric": 1.29,
    "storeName": "HOFER",
    "searchTags": [
      "thea",
      "wuerfel",
      "fett",
      "backfett",
      "margarine",
      "backen",
      "butterersatz",
      "cooking fat",
      "baking ingredient",
      "margarine"
    ]
  },
  {
    "productName": "Cucina Savoiardi Sardi",
    "category": "Pantry & Baking (Grundnahrungsmittel)",
    "currentPrice": "2,49€",
    "oldPrice": "N/A",
    "packageSize": "350 g",
    "unitPrice": "0,71€/100 g",
    "discount": "N/A",
    "availabilityDateRange": "AB FR. 24.10.",
    "productHash": "cucina-savoiardi-sardi",
    "offerEndDate": "2023-10-26",
    "offerStartDate": "2023-10-26",
    "currentPriceNumeric": 2.49,
    "oldPriceNumeric": null,
    "storeName": "HOFER",
    "searchTags": [
      "cucina",
      "savoiardi",
      "sardi",
      "biskuit",
      "löffelbiskuits",
      "gebäck",
      "backzutat",
      "ladyfingers",
      "biscuits",
      "baking ingredient",
      "dessert"
    ]
  },
  {
    "productName": "Back Family Brownie Weihnachtsbaum",
    "category": "Pantry & Baking (Grundnahrungsmittel)",
    "currentPrice": "1,29€",
    "oldPrice": "N/A",
    "packageSize": "N/A",
    "unitPrice": "N/A",
    "discount": "N/A",
    "availabilityDateRange": "AB FR. 24.10.",
    "productHash": "back-family-brownie-weihnachtsbaum",
    "offerEndDate": "2023-10-26",
    "offerStartDate": "2023-10-26",
    "currentPriceNumeric": 1.29,
    "oldPriceNumeric": null,
    "storeName": "HOFER",
    "searchTags": [
      "back family",
      "brownie",
      "weihnachtsbaum",
      "backen",
      "weihnachten",
      "backmischung",
      "dessert",
      "christmas",
      "baking mix",
      "brownies",
      "cake mix"
    ]
  },
  {
    "productName": "Back Family Glimmer Puder",
    "category": "Pantry & Baking (Grundnahrungsmittel)",
    "currentPrice": "1,29€",
    "oldPrice": "N/A",
    "packageSize": "5 g",
    "unitPrice": "N/A",
    "discount": "N/A",
    "availabilityDateRange": "AB FR. 24.10.",
    "productHash": "back-family-glimmer-puder",
    "offerEndDate": "2023-10-26",
    "offerStartDate": "2023-10-26",
    "currentPriceNumeric": 1.29,
    "oldPriceNumeric": null,
    "storeName": "HOFER",
    "searchTags": [
      "back family",
      "glimmer",
      "puder",
      "backdekor",
      "verzierung",
      "backen",
      "essbarer glitter",
      "decorating",
      "baking decoration",
      "edible glitter",
      "powder"
    ]
  },
  {
    "productName": "Back Family Mini Marshmallows",
    "category": "Pantry & Baking (Grundnahrungsmittel)",
    "currentPrice": "1,29€",
    "oldPrice": "N/A",
    "packageSize": "70 g",
    "unitPrice": "N/A",
    "discount": "N/A",
    "availabilityDateRange": "AB FR. 24.10.",
    "productHash": "back-family-mini-marshmallows",
    "offerEndDate": "2023-10-26",
    "offerStartDate": "2023-10-26",
    "currentPriceNumeric": 1.29,
    "oldPriceNumeric": null,
    "storeName": "HOFER",
    "searchTags": [
      "back family",
      "mini",
      "marshmallows",
      "süsswaren",
      "backen",
      "dekoration",
      "dessert",
      "candy",
      "sweets",
      "baking decoration",
      "marshmallow"
    ]
  },
  {
    "productName": "Feine Marzipan Sterne",
    "category": "Pantry & Baking (Grundnahrungsmittel)",
    "currentPrice": "1,29€",
    "oldPrice": "N/A",
    "packageSize": "60 g",
    "unitPrice": "N/A",
    "discount": "N/A",
    "availabilityDateRange": "AB FR. 24.10.",
    "productHash": "feine-marzipan-sterne",
    "offerEndDate": "2023-10-26",
    "offerStartDate": "2023-10-26",
    "currentPriceNumeric": 1.29,
    "oldPriceNumeric": null,
    "storeName": "HOFER",
    "searchTags": [
      "marzipan",
      "sterne",
      "feine",
      "backzutat",
      "dekoration",
      "weihnachten",
      "gebäck",
      "marzipan stars",
      "baking ingredient",
      "christmas sweets",
      "decoration"
    ]
  },
  {
    "productName": "Fini's Feinstes Weizenmehl Universal",
    "category": "Pantry & Baking (Grundnahrungsmittel)",
    "currentPrice": "1,89€",
    "oldPrice": "N/A",
    "packageSize": "1,2 kg",
    "unitPrice": "1,58€/kg",
    "discount": "N/A",
    "availabilityDateRange": "AB FR. 24.10.",
    "productHash": "finis-feinstes-weizenmehl-universal",
    "offerEndDate": "2023-10-26",
    "offerStartDate": "2023-10-26",
    "currentPriceNumeric": 1.89,
    "oldPriceNumeric": null,
    "storeName": "HOFER",
    "searchTags": [
      "finis feinstes",
      "weizenmehl",
      "universal",
      "mehl",
      "backen",
      "kochen",
      "zutat",
      "flour",
      "wheat flour",
      "baking ingredient",
      "cooking ingredient"
    ]
  },
  {
    "productName": "Back Family Kuchenglasur",
    "category": "Pantry & Baking (Grundnahrungsmittel)",
    "currentPrice": "1,99€",
    "oldPrice": "N/A",
    "packageSize": "200 g",
    "unitPrice": "9,95€/kg",
    "discount": "N/A",
    "availabilityDateRange": "AB FR. 24.10.",
    "productHash": "back-family-kuchenglasur",
    "offerEndDate": "2023-10-26",
    "offerStartDate": "2023-10-26",
    "currentPriceNumeric": 1.99,
    "oldPriceNumeric": null,
    "storeName": "HOFER",
    "searchTags": [
      "back family",
      "kuchenglasur",
      "glasur",
      "backen",
      "dekoration",
      "tortenglasur",
      "zuckerguss",
      "cake glaze",
      "icing",
      "baking decoration",
      "dessert topping"
    ]
  },
  {
    "productName": "Back Family Raspelschokolade",
    "category": "Pantry & Baking (Grundnahrungsmittel)",
    "currentPrice": "1,69€",
    "oldPrice": "N/A",
    "packageSize": "100 g",
    "unitPrice": "1,69€/100 g",
    "discount": "N/A",
    "availabilityDateRange": "AB FR. 24.10.",
    "productHash": "back-family-raspelschokolade",
    "offerEndDate": "2023-10-26",
    "offerStartDate": "2023-10-26",
    "currentPriceNumeric": 1.69,
    "oldPriceNumeric": null,
    "storeName": "HOFER",
    "searchTags": [
      "back family",
      "raspelschokolade",
      "schokolade",
      "backen",
      "dekoration",
      "streusel",
      "chocolate sprinkles",
      "baking chocolate",
      "chocolate",
      "decoration"
    ]
  },
  {
    "productName": "Back Family Backdekor",
    "category": "Pantry & Baking (Grundnahrungsmittel)",
    "currentPrice": "1,99€",
    "oldPrice": "N/A",
    "packageSize": "z.B. 29 g",
    "unitPrice": "N/A",
    "discount": "N/A",
    "availabilityDateRange": "AB FR. 24.10.",
    "productHash": "back-family-backdekor",
    "offerEndDate": "2023-10-26",
    "offerStartDate": "2023-10-26",
    "currentPriceNumeric": 1.99,
    "oldPriceNumeric": null,
    "storeName": "HOFER",
    "searchTags": [
      "back family",
      "backdekor",
      "dekoration",
      "backen",
      "streusel",
      "zuckerdekor",
      "decoration",
      "baking decoration",
      "sprinkles",
      "edible decor"
    ]
  },
  {
    "productName": "Back Family Sternchen Mix/Karamell Chunks",
    "category": "Pantry & Baking (Grundnahrungsmittel)",
    "currentPrice": "1,99€",
    "oldPrice": "N/A",
    "packageSize": "100 g",
    "unitPrice": "1,99€/100 g",
    "discount": "N/A",
    "availabilityDateRange": "AB FR. 24.10.",
    "productHash": "back-family-sternchen-mix-karamell-chunks",
    "offerEndDate": "2023-10-26",
    "offerStartDate": "2023-10-26",
    "currentPriceNumeric": 1.99,
    "oldPriceNumeric": null,
    "storeName": "HOFER",
    "searchTags": [
      "back family",
      "sternchen mix",
      "karamell chunks",
      "backdekor",
      "dekoration",
      "streusel",
      "karamell",
      "sternchen",
      "baking decoration",
      "caramel chunks",
      "sprinkles",
      "stars"
    ]
  },
  {
    "productName": "Haas Waffelböden",
    "category": "Pantry & Baking (Grundnahrungsmittel)",
    "currentPrice": "2,19€",
    "oldPrice": "N/A",
    "packageSize": "160 g",
    "unitPrice": "13,69€/kg",
    "discount": "N/A",
    "availabilityDateRange": "AB FR. 24.10.",
    "productHash": "haas-waffelboeden",
    "offerEndDate": "2023-10-26",
    "offerStartDate": "2023-10-26",
    "currentPriceNumeric": 2.19,
    "oldPriceNumeric": null,
    "storeName": "HOFER",
    "searchTags": [
      "haas",
      "waffelboeden",
      "waffeln",
      "backen",
      "tortenboden",
      "backzutat",
      "wafers",
      "waffle bases",
      "baking ingredient",
      "dessert base"
    ]
  },
  {
    "productName": "Haas Nougatcreme in der Tube",
    "category": "Pantry & Baking (Grundnahrungsmittel)",
    "currentPrice": "3,99€",
    "oldPrice": "N/A",
    "packageSize": "350 g",
    "unitPrice": "11,40€/kg",
    "discount": "N/A",
    "availabilityDateRange": "AB FR. 24.10.",
    "productHash": "haas-nougatcreme-in-der-tube",
    "offerEndDate": "2023-10-26",
    "offerStartDate": "2023-10-26",
    "currentPriceNumeric": 3.99,
    "oldPriceNumeric": null,
    "storeName": "HOFER",
    "searchTags": [
      "haas",
      "nougatcreme",
      "tube",
      "brotaufstrich",
      "backzutat",
      "nougat cream",
      "spread",
      "baking ingredient",
      "sweet spread",
      "chocolate spread"
    ]
  },
  {
    "productName": "Bon-Ri Express Rice Flavoured",
    "category": "Pantry & Baking (Grundnahrungsmittel)",
    "currentPrice": "1,49€",
    "oldPrice": "N/A",
    "packageSize": "250 g",
    "unitPrice": "5,96€/kg",
    "discount": "N/A",
    "availabilityDateRange": "AB FR. 24.10.",
    "productHash": "bon-ri-express-rice-flavoured",
    "offerEndDate": "2023-10-26",
    "offerStartDate": "2023-10-26",
    "currentPriceNumeric": 1.49,
    "oldPriceNumeric": null,
    "storeName": "HOFER",
    "searchTags": [
      "bon-ri",
      "express rice",
      "flavoured",
      "reis",
      "schnellkochreis",
      "fertigreis",
      "rice",
      "quick rice",
      "flavored rice",
      "ready meal"
    ]
  },
  {
    "productName": "Bon-Ri Basmati Reis im Kochbeutel",
    "category": "Pantry & Baking (Grundnahrungsmittel)",
    "currentPrice": "2,89€",
    "oldPrice": "N/A",
    "packageSize": "500 g (4 x 125 g)",
    "unitPrice": "5,78€/kg",
    "discount": "N/A",
    "availabilityDateRange": "AB FR. 24.10.",
    "productHash": "bon-ri-basmati-reis-im-kochbeutel",
    "offerEndDate": "2023-10-26",
    "offerStartDate": "2023-10-26",
    "currentPriceNumeric": 2.89,
    "oldPriceNumeric": null,
    "storeName": "HOFER",
    "searchTags": [
      "bon-ri",
      "basmati reis",
      "kochbeutel",
      "reis",
      "beutelreis",
      "rice",
      "basmati",
      "cooking bag",
      "easy cook rice",
      "pantry staple"
    ]
  },
  {
    "productName": "MyVay Glutenfreie Teigwaren",
    "category": "Pantry & Baking (Grundnahrungsmittel)",
    "currentPrice": "1,79€",
    "oldPrice": "N/A",
    "packageSize": "500 g",
    "unitPrice": "3,58€/kg",
    "discount": "N/A",
    "availabilityDateRange": "AB FR. 24.10.",
    "productHash": "myvay-glutenfreie-teigwaren",
    "offerEndDate": "2023-10-26",
    "offerStartDate": "2023-10-26",
    "currentPriceNumeric": 1.79,
    "oldPriceNumeric": null,
    "storeName": "HOFER",
    "searchTags": [
      "myvay",
      "glutenfrei",
      "teigwaren",
      "nudeln",
      "pasta",
      "gluten-free",
      "noodles",
      "vegan",
      "special diet",
      "food alternative"
    ]
  },
  {
    "productName": "Felix Vegan Bolognese",
    "category": "Pantry & Baking (Grundnahrungsmittel)",
    "currentPrice": "3,49€",
    "oldPrice": "4,79€",
    "packageSize": "580 g",
    "unitPrice": "6,02€/kg",
    "discount": "N/A",
    "availabilityDateRange": "AB FR. 24.10.",
    "productHash": "felix-vegan-bolognese",
    "offerEndDate": "2023-10-26",
    "offerStartDate": "2023-10-26",
    "currentPriceNumeric": 3.49,
    "oldPriceNumeric": 4.79,
    "storeName": "HOFER",
    "searchTags": [
      "felix",
      "vegan",
      "bolognese",
      "sauce",
      "pasta sauce",
      "fertiggericht",
      "pflanzlich",
      "vegane bolognese",
      "vegetarian",
      "ready meal"
    ]
  },
  {
    "productName": "MyVay Veganes Faschiertes",
    "category": "Pantry & Baking (Grundnahrungsmittel)",
    "currentPrice": "3,29€",
    "oldPrice": "N/A",
    "packageSize": "380 g",
    "unitPrice": "8,66€/kg",
    "discount": "N/A",
    "availabilityDateRange": "AB FR. 24.10.",
    "productHash": "myvay-veganes-faschiertes",
    "offerEndDate": "2023-10-26",
    "offerStartDate": "2023-10-26",
    "currentPriceNumeric": 3.29,
    "oldPriceNumeric": null,
    "storeName": "HOFER",
    "searchTags": [
      "myvay",
      "veganes faschiertes",
      "faschiertes",
      "fleischersatz",
      "vegan",
      "pflanzlich",
      "ground meat alternative",
      "vegan mince",
      "plant-based",
      "vegetarian"
    ]
  },
  {
    "productName": "Bio Vegane Orient-/Thaigerichte",
    "category": "Pantry & Baking (Grundnahrungsmittel)",
    "currentPrice": "2,49€",
    "oldPrice": "N/A",
    "packageSize": "250 g",
    "unitPrice": "9,96€/kg",
    "discount": "N/A",
    "availabilityDateRange": "AB FR. 24.10.",
    "productHash": "bio-vegane-orient-thaigerichte",
    "offerEndDate": "2023-10-26",
    "offerStartDate": "2023-10-26",
    "currentPriceNumeric": 2.49,
    "oldPriceNumeric": null,
    "storeName": "HOFER",
    "searchTags": [
      "bio",
      "vegane",
      "orientgerichte",
      "thaigerichte",
      "fertiggericht",
      "vegan",
      "asiatisch",
      "ready meal",
      "organic",
      "plant-based",
      "ethnic food"
    ]
  },
  {
    "productName": "Just Taste Bio-Gemüse Pasta",
    "category": "Pantry & Baking (Grundnahrungsmittel)",
    "currentPrice": "1,99€",
    "oldPrice": "2,99€",
    "packageSize": "250 g",
    "unitPrice": "7,96€/kg",
    "discount": "-33%",
    "availabilityDateRange": "AB FR. 24.10.",
    "productHash": "just-taste-bio-gemuese-pasta",
    "offerEndDate": "2023-10-26",
    "offerStartDate": "2023-10-26",
    "currentPriceNumeric": 1.99,
    "oldPriceNumeric": 2.99,
    "storeName": "HOFER",
    "searchTags": [
      "just taste",
      "bio",
      "gemuese-pasta",
      "nudeln",
      "vegan",
      "glutenfrei",
      "pasta",
      "vegetable pasta",
      "organic",
      "plant-based",
      "special diet"
    ]
  },
  {
    "productName": "Primana Baked Beans in Tomatensauce",
    "category": "Pantry & Baking (Grundnahrungsmittel)",
    "currentPrice": "0,99€",
    "oldPrice": "N/A",
    "packageSize": "420 g",
    "unitPrice": "2,36€/kg",
    "discount": "N/A",
    "availabilityDateRange": "AB FR. 24.10.",
    "productHash": "primana-baked-beans-in-tomatensauce",
    "offerEndDate": "2023-10-26",
    "offerStartDate": "2023-10-26",
    "currentPriceNumeric": 0.99,
    "oldPriceNumeric": null,
    "storeName": "HOFER",
    "searchTags": [
      "primana",
      "baked beans",
      "tomatensauce",
      "bohnen",
      "konserve",
      "fruehstueck",
      "beans",
      "canned food",
      "tomato sauce",
      "vegetarian"
    ]
  },
  {
    "productName": "Bio Vegane Linsengerichte",
    "category": "Pantry & Baking (Grundnahrungsmittel)",
    "currentPrice": "1,99€",
    "oldPrice": "N/A",
    "packageSize": "120 g / 130 g",
    "unitPrice": "15,31€/16,58€/kg",
    "discount": "N/A",
    "availabilityDateRange": "AB FR. 24.10.",
    "productHash": "bio-vegane-linsengerichte",
    "offerEndDate": "2023-10-26",
    "offerStartDate": "2023-10-26",
    "currentPriceNumeric": 1.99,
    "oldPriceNumeric": null,
    "storeName": "HOFER",
    "searchTags": [
      "bio",
      "vegane",
      "linsengerichte",
      "linsen",
      "fertiggericht",
      "vegan",
      "huelsenfruechte",
      "lentil dish",
      "organic",
      "plant-based",
      "ready meal"
    ]
  },
  {
    "productName": "MyVay 5-Kalorien-Nudeln",
    "category": "Pantry & Baking (Grundnahrungsmittel)",
    "currentPrice": "2,99€",
    "oldPrice": "N/A",
    "packageSize": "360 g",
    "unitPrice": "11,96€/kg Abtropfg.",
    "discount": "N/A",
    "availabilityDateRange": "AB FR. 24.10.",
    "productHash": "myvay-5-kalorien-nudeln",
    "offerEndDate": "2023-10-26",
    "offerStartDate": "2023-10-26",
    "currentPriceNumeric": 2.99,
    "oldPriceNumeric": null,
    "storeName": "HOFER",
    "searchTags": [
      "myvay",
      "5-kalorien-nudeln",
      "nudeln",
      "konjaknudeln",
      "low carb",
      "diät",
      "vegan",
      "pasta",
      "konjac noodles",
      "diet food",
      "low calorie"
    ]
  },
  {
    "productName": "Bio Quinoa Mix",
    "category": "Pantry & Baking (Grundnahrungsmittel)",
    "currentPrice": "3,49€",
    "oldPrice": "N/A",
    "packageSize": "450 g",
    "unitPrice": "7,76€/kg",
    "discount": "N/A",
    "availabilityDateRange": "AB FR. 24.10.",
    "productHash": "bio-quinoa-mix",
    "offerEndDate": "2023-10-26",
    "offerStartDate": "2023-10-26",
    "currentPriceNumeric": 3.49,
    "oldPriceNumeric": null,
    "storeName": "HOFER",
    "searchTags": [
      "bio",
      "quinoa mix",
      "quinoa",
      "getreide",
      "beilage",
      "vegan",
      "glutenfrei",
      "organic",
      "grain",
      "side dish",
      "superfood"
    ]
  },
  {
    "productName": "Bio Sojafreie Veggie Chunks / Veggie Schnitzel",
    "category": "Pantry & Baking (Grundnahrungsmittel)",
    "currentPrice": "2,39€",
    "oldPrice": "N/A",
    "packageSize": "150 g / 120 g",
    "unitPrice": "15,93€/19,12€/kg",
    "discount": "N/A",
    "availabilityDateRange": "AB FR. 24.10.",
    "productHash": "bio-sojafreie-veggie-chunks-veggie-schnitzel",
    "offerEndDate": "2023-10-26",
    "offerStartDate": "2023-10-26",
    "currentPriceNumeric": 2.39,
    "oldPriceNumeric": null,
    "storeName": "HOFER",
    "searchTags": [
      "bio",
      "sojafrei",
      "veggie chunks",
      "veggie schnitzel",
      "fleischersatz",
      "vegan",
      "pflanzlich",
      "organic",
      "soy-free",
      "vegan meat alternative",
      "vegetarian schnitzel"
    ]
  },
  {
    "productName": "La Gusto Pilzspezialitäten getrocknet",
    "category": "Pantry & Baking (Grundnahrungsmittel)",
    "currentPrice": "4,79€",
    "oldPrice": "N/A",
    "packageSize": "60 g / 100 g",
    "unitPrice": "4,79€/100 g",
    "discount": "N/A",
    "availabilityDateRange": "AB FR. 24.10.",
    "productHash": "la-gusto-pilzspezialitaeten-getrocknet",
    "offerEndDate": "2023-10-26",
    "offerStartDate": "2023-10-26",
    "currentPriceNumeric": 4.79,
    "oldPriceNumeric": null,
    "storeName": "HOFER",
    "searchTags": [
      "la gusto",
      "pilzspezialitaeten",
      "getrocknet",
      "pilze",
      "waldpilze",
      "edelpilze",
      "dried mushrooms",
      "mushroom specialties",
      "gourmet",
      "pantry item",
      "cooking ingredient"
    ]
  },
  {
    "productName": "Alpro This Is Not Milk",
    "category": "Dairy & Eggs (Milchprodukte & Eier)",
    "currentPrice": "1,99€",
    "oldPrice": "N/A",
    "packageSize": "1 l",
    "unitPrice": "N/A",
    "discount": "N/A",
    "availabilityDateRange": "AB FR. 24.10.",
    "productHash": "alpro-this-is-not-milk",
    "offerEndDate": "2023-10-26",
    "offerStartDate": "2023-10-26",
    "currentPriceNumeric": 1.99,
    "oldPriceNumeric": null,
    "storeName": "HOFER",
    "searchTags": [
      "alpro",
      "milchalternative",
      "pflanzlich",
      "vegan",
      "hafer",
      "drink",
      "plant-based milk",
      "oat drink",
      "vegan milk",
      "dairy alternative",
      "beverage"
    ]
  },
  {
    "productName": "Sweet Land Vegane Fruchtgummi",
    "category": "Snacks & Confectionery (Süßwaren & Snacks)",
    "currentPrice": "1,15€",
    "oldPrice": "N/A",
    "packageSize": "180 g / 150 g",
    "unitPrice": "0,64€/0,77€/100 g",
    "discount": "N/A",
    "availabilityDateRange": "AB FR. 24.10.",
    "productHash": "sweet-land-vegane-fruchtgummi",
    "offerEndDate": "2023-10-26",
    "offerStartDate": "2023-10-26",
    "currentPriceNumeric": 1.15,
    "oldPriceNumeric": null,
    "storeName": "HOFER",
    "searchTags": [
      "sweet land",
      "vegane fruchtgummi",
      "fruchtgummi",
      "vegan",
      "suessigkeiten",
      "snacks",
      "fruit gummies",
      "vegan candy",
      "sweets",
      "plant-based snacks"
    ]
  },
  {
    "productName": "Trolli Vegan Mix",
    "category": "Snacks & Confectionery (Süßwaren & Snacks)",
    "currentPrice": "1,69€",
    "oldPrice": "N/A",
    "packageSize": "200 g / 175 g",
    "unitPrice": "0,85€/0,97€/100 g",
    "discount": "N/A",
    "availabilityDateRange": "AB FR. 24.10.",
    "productHash": "trolli-vegan-mix",
    "offerEndDate": "2023-10-26",
    "offerStartDate": "2023-10-26",
    "currentPriceNumeric": 1.69,
    "oldPriceNumeric": null,
    "storeName": "HOFER",
    "searchTags": [
      "trolli",
      "vegan mix",
      "fruchtgummi",
      "vegan",
      "suessigkeiten",
      "snacks",
      "fruit gummies",
      "vegan candy",
      "sweets",
      "plant-based snacks"
    ]
  },
  {
    "productName": "Sweet Land Fruchtgummi Spass",
    "category": "Snacks & Confectionery (Süßwaren & Snacks)",
    "currentPrice": "1,89€",
    "oldPrice": "N/A",
    "packageSize": "300 g / 275 g",
    "unitPrice": "0,63€/0,69€/100 g",
    "discount": "N/A",
    "availabilityDateRange": "AB FR. 24.10.",
    "productHash": "sweet-land-fruchtgummi-spass",
    "offerEndDate": "2023-10-26",
    "offerStartDate": "2023-10-26",
    "currentPriceNumeric": 1.89,
    "oldPriceNumeric": null,
    "storeName": "HOFER",
    "searchTags": [
      "sweet land",
      "fruchtgummi spass",
      "fruchtgummi",
      "suessigkeiten",
      "snacks",
      "kinderriegel",
      "fruit gummies",
      "candy",
      "sweets",
      "kids snacks"
    ]
  },
  {
    "productName": "Alpro Sojadessert",
    "category": "Dairy & Eggs (Milchprodukte & Eier)",
    "currentPrice": "1,99€",
    "oldPrice": "N/A",
    "packageSize": "4 x 125 g",
    "unitPrice": "3,98€/kg",
    "discount": "N/A",
    "availabilityDateRange": "AB FR. 24.10.",
    "productHash": "alpro-sojadessert",
    "offerEndDate": "2023-10-26",
    "offerStartDate": "2023-10-26",
    "currentPriceNumeric": 1.99,
    "oldPriceNumeric": null,
    "storeName": "HOFER",
    "searchTags": [
      "alpro",
      "sojadessert",
      "dessert",
      "vegan",
      "pflanzlich",
      "soja",
      "pudding",
      "soya dessert",
      "plant-based dessert",
      "vegan pudding",
      "dairy alternative"
    ]
  },
  {
    "productName": "Moser Roth Vegane Schokolade",
    "category": "Snacks & Confectionery (Süßwaren & Snacks)",
    "currentPrice": "2,49€",
    "oldPrice": "N/A",
    "packageSize": "125 g",
    "unitPrice": "1,99€/100 g",
    "discount": "N/A",
    "availabilityDateRange": "AB FR. 24.10.",
    "productHash": "moser-roth-vegane-schokolade",
    "offerEndDate": "2023-10-26",
    "offerStartDate": "2023-10-26",
    "currentPriceNumeric": 2.49,
    "oldPriceNumeric": null,
    "storeName": "HOFER",
    "searchTags": [
      "moser roth",
      "vegane schokolade",
      "schokolade",
      "vegan",
      "suessigkeiten",
      "tafel",
      "chocolate",
      "vegan chocolate",
      "sweets",
      "plant-based chocolate"
    ]
  },
  {
    "productName": "Manner Neapolitaner Geschenkpackung",
    "category": "Snacks & Confectionery (Süßwaren & Snacks)",
    "currentPrice": "5,99€",
    "oldPrice": "7,99€",
    "packageSize": "600 g / 1,350 g",
    "unitPrice": "N/A",
    "discount": "N/A",
    "availabilityDateRange": "AB FR. 24.10.",
    "productHash": "manner-neapolitaner-geschenkpackung",
    "offerEndDate": "2023-10-26",
    "offerStartDate": "2023-10-26",
    "currentPriceNumeric": 5.99,
    "oldPriceNumeric": 7.99,
    "storeName": "HOFER",
    "searchTags": [
      "manner",
      "neapolitaner",
      "geschenkpackung",
      "waffeln",
      "schnitten",
      "haselnusswaffeln",
      "wafers",
      "chocolate wafers",
      "gift pack",
      "sweets",
      "austrian sweets"
    ]
  },
  {
    "productName": "Genuss 100% aus Österreich XXL Landjäger",
    "category": "Meat & Poultry (Fleisch & Geflügel)",
    "currentPrice": "7,99€",
    "oldPrice": "N/A",
    "packageSize": "500 g",
    "unitPrice": "1,60€/100 g",
    "discount": "N/A",
    "availabilityDateRange": "AB FR. 24.10.",
    "productHash": "genuss-100-aus-oesterreich-xxl-landjaeger",
    "offerEndDate": "2023-10-26",
    "offerStartDate": "2023-10-26",
    "currentPriceNumeric": 7.99,
    "oldPriceNumeric": null,
    "storeName": "HOFER",
    "searchTags": [
      "genuss",
      "oesterreich",
      "xxl",
      "landjaeger",
      "wurst",
      "schinken",
      "fleisch",
      "salami",
      "sausage",
      "meat snack",
      "austrian specialty"
    ]
  },
  {
    "productName": "Arlberger Broterl Almjause",
    "category": "Pantry & Baking (Grundnahrungsmittel)",
    "currentPrice": "2,99€",
    "oldPrice": "N/A",
    "packageSize": "120 g",
    "unitPrice": "2,69€/100 g",
    "discount": "-28%",
    "availabilityDateRange": "AB FR. 24.10.",
    "productHash": "arlberger-broterl-almjause",
    "offerEndDate": "2023-10-26",
    "offerStartDate": "2023-10-26",
    "currentPriceNumeric": 2.99,
    "oldPriceNumeric": null,
    "storeName": "HOFER",
    "searchTags": [
      "arlberger",
      "broterl",
      "almjause",
      "brot",
      "backwaren",
      "snack",
      "gebäck",
      "bread",
      "bakery item",
      "snack bread",
      "austrian specialty"
    ]
  },
  {
    "productName": "Bio Goro Fruchtgetränk",
    "category": "Drinks & Beverages (Getränke)",
    "currentPrice": "1,19€",
    "oldPrice": "N/A",
    "packageSize": "1,5 l",
    "unitPrice": "0,79€/Liter",
    "discount": "N/A",
    "availabilityDateRange": "AB FR. 24.10.",
    "productHash": "bio-goro-fruchtgetraenk",
    "offerEndDate": "2023-10-26",
    "offerStartDate": "2023-10-26",
    "currentPriceNumeric": 1.19,
    "oldPriceNumeric": null,
    "storeName": "HOFER",
    "searchTags": [
      "bio",
      "goro",
      "fruchtgetraenk",
      "saft",
      "getraenk",
      "organic",
      "fruit drink",
      "juice",
      "beverage",
      "fruit juice"
    ]
  },
  {
    "productName": "Red Bull Energy Drink",
    "category": "Drinks & Beverages (Getränke)",
    "currentPrice": "7,92€",
    "oldPrice": "12,72€",
    "packageSize": "8 x 250 ml",
    "unitPrice": "3,96€/Liter",
    "discount": "N/A",
    "availabilityDateRange": "AB FR. 24.10.",
    "productHash": "red-bull-energy-drink",
    "offerEndDate": "2023-10-26",
    "offerStartDate": "2023-10-26",
    "currentPriceNumeric": 7.92,
    "oldPriceNumeric": 12.72,
    "storeName": "HOFER",
    "searchTags": [
      "red bull",
      "energy drink",
      "getraenk",
      "energy",
      "wachmacher",
      "drink",
      "soft drink",
      "caffeine drink",
      "sport drink"
    ]
  },
  {
    "productName": "Gosling Spirituosen Haselnuss/Ribisel",
    "category": "Drinks & Beverages (Getränke)",
    "currentPrice": "9,99€",
    "oldPrice": "N/A",
    "packageSize": "0,7 l",
    "unitPrice": "14,27€/Liter",
    "discount": "N/A",
    "availabilityDateRange": "AB FR. 24.10.",
    "productHash": "gosling-spirituosen-haselnuss-ribisel",
    "offerEndDate": "2023-10-26",
    "offerStartDate": "2023-10-26",
    "currentPriceNumeric": 9.99,
    "oldPriceNumeric": null,
    "storeName": "HOFER",
    "searchTags": [
      "gosling",
      "spirituosen",
      "haselnuss",
      "ribisel",
      "likoer",
      "schnaps",
      "alkohol",
      "liqueur",
      "hazelnut",
      "currant",
      "alcoholic beverage"
    ]
  },
  {
    "productName": "Junger Steirer Rebsorten",
    "category": "Drinks & Beverages (Getränke)",
    "currentPrice": "5,49€",
    "oldPrice": "N/A",
    "packageSize": "0,75 l",
    "unitPrice": "7,32€/Liter",
    "discount": "N/A",
    "availabilityDateRange": "AB FR. 24.10.",
    "productHash": "junger-steirer-rebsorten",
    "offerEndDate": "2023-10-26",
    "offerStartDate": "2023-10-26",
    "currentPriceNumeric": 5.49,
    "oldPriceNumeric": null,
    "storeName": "HOFER",
    "searchTags": [
      "junger steirer",
      "rebsorten",
      "wein",
      "rotwein",
      "weisswein",
      "oesterreichischer wein",
      "wine",
      "austrian wine",
      "red wine",
      "white wine",
      "alcoholic beverage"
    ]
  },
  {
    "productName": "Zabel Kühltisch",
    "category": "Miscellaneous",
    "currentPrice": "4,49€",
    "oldPrice": "N/A",
    "packageSize": "0,75 l",
    "unitPrice": "5,99€/Liter",
    "discount": "N/A",
    "availabilityDateRange": "AB FR. 24.10.",
    "productHash": "zabel-kuehltisch",
    "offerEndDate": "2023-10-26",
    "offerStartDate": "2023-10-26",
    "currentPriceNumeric": 4.49,
    "oldPriceNumeric": null,
    "storeName": "HOFER",
    "searchTags": [
      "zabel",
      "kuehltisch",
      "moebel",
      "tisch",
      "kuehlung",
      "outdoor moebel",
      "cooler table",
      "furniture",
      "outdoor living",
      "table with cooling function"
    ]
  },
  {
    "productName": "Snack Fun Sticks mit Erdnussfüllung",
    "category": "Snacks & Confectionery (Süßwaren & Snacks)",
    "currentPrice": "0,99€",
    "oldPrice": "1,29€",
    "packageSize": "150 g",
    "unitPrice": "0,66€/100 g",
    "discount": "-23%",
    "availabilityDateRange": "N/A",
    "productHash": "snack-fun-sticks-mit-erdnussfuellung",
    "offerEndDate": "2023-10-26",
    "offerStartDate": "2023-10-26",
    "currentPriceNumeric": 0.99,
    "oldPriceNumeric": 1.29,
    "storeName": "HOFER",
    "searchTags": [
      "snack fun",
      "sticks",
      "erdnussfuellung",
      "snacks",
      "knabberzeug",
      "erdnuss",
      "cracker",
      "peanut snack",
      "savory snack",
      "crunchy snack"
    ]
  },
  {
    "productName": "Zurück zum Ursprung Bio-Hülsenfrüchte",
    "category": "Pantry & Baking (Grundnahrungsmittel)",
    "currentPrice": "2,98€",
    "oldPrice": "3,49€",
    "packageSize": "600 g / 500 g",
    "unitPrice": "5,96€/6,97€/kg",
    "discount": "-14%",
    "availabilityDateRange": "N/A",
    "productHash": "zurueck-zum-ursprung-bio-huelsenfruechte",
    "offerEndDate": "2023-10-26",
    "offerStartDate": "2023-10-26",
    "currentPriceNumeric": 2.98,
    "oldPriceNumeric": 3.49,
    "storeName": "HOFER",
    "searchTags": [
      "zurueck zum ursprung",
      "bio",
      "huelsenfruechte",
      "linsen",
      "bohnen",
      "erbsen",
      "organic",
      "legumes",
      "pulses",
      "beans",
      "lentils",
      "peas"
    ]
  },
  {
    "productName": "All Seasons Junge Erbsen",
    "category": "Frozen Foods (Tiefkühl)",
    "currentPrice": "1,99€",
    "oldPrice": "2,29€",
    "packageSize": "1 kg",
    "unitPrice": "N/A",
    "discount": "-13%",
    "availabilityDateRange": "N/A",
    "productHash": "all-seasons-junge-erbsen",
    "offerEndDate": "2023-10-26",
    "offerStartDate": "2023-10-26",
    "currentPriceNumeric": 1.99,
    "oldPriceNumeric": 2.29,
    "storeName": "HOFER",
    "searchTags": [
      "all seasons",
      "junge erbsen",
      "erbsen",
      "tiefkuehlgemuese",
      "gemuese",
      "frozen peas",
      "peas",
      "frozen vegetables",
      "vegetables",
      "side dish"
    ]
  },
  {
    "productName": "Pfefferminztee 25 BTL",
    "category": "Drinks & Beverages (Getränke)",
    "currentPrice": "0,89€",
    "oldPrice": "0,99€",
    "packageSize": "25 BTL",
    "unitPrice": "15,89€/kg",
    "discount": "-10%",
    "availabilityDateRange": "N/A",
    "productHash": "pfefferminztee-25-btl",
    "offerEndDate": "2023-10-26",
    "offerStartDate": "2023-10-26",
    "currentPriceNumeric": 0.89,
    "oldPriceNumeric": 0.99,
    "storeName": "HOFER",
    "searchTags": [
      "pfefferminztee",
      "tee",
      "getraenk",
      "krautertee",
      "minze",
      "peppermint tea",
      "herbal tea",
      "tea bags",
      "hot drink",
      "beverage"
    ]
  },
  {
    "productName": "Bio Honig im Dosispender",
    "category": "Pantry & Baking (Grundnahrungsmittel)",
    "currentPrice": "2,85€",
    "oldPrice": "3,49€",
    "packageSize": "340 g",
    "unitPrice": "8,38€/kg",
    "discount": "-18%",
    "availabilityDateRange": "N/A",
    "productHash": "bio-honig-im-dosispender",
    "offerEndDate": "2023-10-26",
    "offerStartDate": "2023-10-26",
    "currentPriceNumeric": 2.85,
    "oldPriceNumeric": 3.49,
    "storeName": "HOFER",
    "searchTags": [
      "bio",
      "honig",
      "dosispender",
      "suessmittel",
      "imkerei",
      "organic honey",
      "honey dispenser",
      "sweetener",
      "natural sweetener",
      "spread"
    ]
  },
  {
    "productName": "Hofer Marktplatz Premium Trauben rot kernlos",
    "category": "Fresh Produce (Obst & Gemüse)",
    "currentPrice": "3,49€",
    "oldPrice": "4,99€",
    "packageSize": "1 kg",
    "unitPrice": "N/A",
    "discount": "-30%",
    "availabilityDateRange": "MO. 27.10. BIS MI. 29.10.",
    "productHash": "hofer-marktplatz-premium-trauben-rot-kernlos",
    "offerEndDate": "2023-10-26",
    "offerStartDate": "2023-10-26",
    "currentPriceNumeric": 3.49,
    "oldPriceNumeric": 4.99,
    "storeName": "HOFER",
    "searchTags": [
      "hofer marktplatz",
      "premium",
      "trauben",
      "rot",
      "kernlos",
      "obst",
      "frisch",
      "frucht",
      "grapes",
      "red",
      "seedless",
      "fruit",
      "fresh produce"
    ]
  },
  {
    "productName": "Hofer Marktplatz Birnen „Xenia“",
    "category": "Fresh Produce (Obst & Gemüse)",
    "currentPrice": "1,64€",
    "oldPrice": "3,29€",
    "packageSize": "1 kg",
    "unitPrice": "N/A",
    "discount": "-50%",
    "availabilityDateRange": "MO. 27.10. BIS MI. 29.10.",
    "productHash": "hofer-marktplatz-birnen-xenia",
    "offerEndDate": "2023-10-26",
    "offerStartDate": "2023-10-26",
    "currentPriceNumeric": 1.64,
    "oldPriceNumeric": 3.29,
    "storeName": "HOFER",
    "searchTags": [
      "hofer marktplatz",
      "birnen",
      "xenia",
      "obst",
      "frisch",
      "frucht",
      "birne",
      "pears",
      "fruit",
      "fresh produce",
      "xenia pears"
    ]
  },
  {
    "productName": "Hofer Marktplatz Rucolasalat",
    "category": "Fresh Produce (Obst & Gemüse)",
    "currentPrice": "0,99€",
    "oldPrice": "1,49€",
    "packageSize": "125 g",
    "unitPrice": "7,92€/kg",
    "discount": "-33%",
    "availabilityDateRange": "MO. 27.10. BIS MI. 29.10.",
    "productHash": "hofer-marktplatz-rucolasalat",
    "offerEndDate": "2023-10-26",
    "offerStartDate": "2023-10-26",
    "currentPriceNumeric": 0.99,
    "oldPriceNumeric": 1.49,
    "storeName": "HOFER",
    "searchTags": [
      "hofer marktplatz",
      "rucolasalat",
      "rucola",
      "salat",
      "gemuese",
      "frisch",
      "blattgemuese",
      "arugula",
      "rocket salad",
      "fresh produce",
      "vegetables"
    ]
  },
  {
    "productName": "Hofer Marktplatz Bio-Gurke",
    "category": "Fresh Produce (Obst & Gemüse)",
    "currentPrice": "0,79€",
    "oldPrice": "1,19€",
    "packageSize": "N/A",
    "unitPrice": "N/A",
    "discount": "-33%",
    "availabilityDateRange": "MO. 27.10. BIS MI. 29.10.",
    "productHash": "hofer-marktplatz-bio-gurke",
    "offerEndDate": "2023-10-26",
    "offerStartDate": "2023-10-26",
    "currentPriceNumeric": 0.79,
    "oldPriceNumeric": 1.19,
    "storeName": "HOFER",
    "searchTags": [
      "hofer marktplatz",
      "bio",
      "gurke",
      "gemuese",
      "frisch",
      "salatgurke",
      "organic cucumber",
      "cucumber",
      "fresh produce",
      "vegetables",
      "salad"
    ]
  },
  {
    "productName": "Genuss 100% aus Österreich Kaiserschnitzel natur",
    "category": "Meat & Poultry (Fleisch & Geflügel)",
    "currentPrice": "6,99€",
    "oldPrice": "9,98€",
    "packageSize": "per kg",
    "unitPrice": "N/A",
    "discount": "-30%",
    "availabilityDateRange": "MO. 27.10. BIS MI. 29.10.",
    "productHash": "genuss-100-aus-oesterreich-kaiserschnitzel-natur",
    "offerEndDate": "2023-10-26",
    "offerStartDate": "2023-10-26",
    "currentPriceNumeric": 6.99,
    "oldPriceNumeric": 9.98,
    "storeName": "HOFER",
    "searchTags": [
      "genuss",
      "oesterreich",
      "kaiserschnitzel",
      "schnitzel",
      "fleisch",
      "schwein",
      "natur",
      "meat",
      "pork",
      "cutlet",
      "austrian meat"
    ]
  },
  {
    "productName": "Genuss 100% aus Österreich Herbstkarree",
    "category": "Meat & Poultry (Fleisch & Geflügel)",
    "currentPrice": "7,99€",
    "oldPrice": "N/A",
    "packageSize": "per kg",
    "unitPrice": "N/A",
    "discount": "N/A",
    "availabilityDateRange": "MO. 27.10. BIS MI. 29.10.",
    "productHash": "genuss-100-aus-oesterreich-herbstkarree",
    "offerEndDate": "2023-10-26",
    "offerStartDate": "2023-10-26",
    "currentPriceNumeric": 7.99,
    "oldPriceNumeric": null,
    "storeName": "HOFER",
    "searchTags": [
      "genuss",
      "oesterreich",
      "herbstkarree",
      "karree",
      "schweinefleisch",
      "fleisch",
      "braten",
      "pork loin",
      "meat",
      "roast",
      "austrian meat"
    ]
  },
  {
    "productName": "XXL Grillwürstel",
    "category": "Meat & Poultry (Fleisch & Geflügel)",
    "currentPrice": "5,99€",
    "oldPrice": "N/A",
    "packageSize": "800 g",
    "unitPrice": "0,75€/100 g",
    "discount": "N/A",
    "availabilityDateRange": "MO. 27.10. BIS MI. 29.10.",
    "productHash": "xxl-grillwuerstel",
    "offerEndDate": "2023-10-26",
    "offerStartDate": "2023-10-26",
    "currentPriceNumeric": 5.99,
    "oldPriceNumeric": null,
    "storeName": "HOFER",
    "searchTags": [
      "xxl",
      "grillwuerstel",
      "wurst",
      "bratwurst",
      "fleisch",
      "grillen",
      "sausage",
      "grill sausage",
      "meat",
      "bbq",
      "large sausage"
    ]
  },
  {
    "productName": "Golda Salmon Ofenflachs",
    "category": "Fish & Seafood (Fisch)",
    "currentPrice": "3,99€",
    "oldPrice": "5,99€",
    "packageSize": "250 g",
    "unitPrice": "15,96€/kg",
    "discount": "-33%",
    "availabilityDateRange": "MO. 27.10. BIS MI. 29.10.",
    "productHash": "golda-salmon-ofenflachs",
    "offerEndDate": "2023-10-26",
    "offerStartDate": "2023-10-26",
    "currentPriceNumeric": 3.99,
    "oldPriceNumeric": 5.99,
    "storeName": "HOFER",
    "searchTags": [
      "golda",
      "salmon",
      "ofenflachs",
      "lachs",
      "fisch",
      "seafood",
      "backfisch",
      "salmon fillet",
      "fish for oven",
      "fish dish"
    ]
  },
  {
    "productName": "Backbox Salz-/Knusperstangerl",
    "category": "Bread & Bakery (Brot & Gebäck)",
    "currentPrice": "0,39€",
    "oldPrice": "0,59€",
    "packageSize": "N/A",
    "unitPrice": "N/A",
    "discount": "-33%",
    "availabilityDateRange": "MO. 27.10. BIS MI. 29.10.",
    "productHash": "backbox-salz-knusperstangerl",
    "offerEndDate": "2023-10-26",
    "offerStartDate": "2023-10-26",
    "currentPriceNumeric": 0.39,
    "oldPriceNumeric": 0.59,
    "storeName": "HOFER",
    "searchTags": [
      "backbox",
      "salzstangerl",
      "knusperstangerl",
      "gebäck",
      "brot",
      "snacks",
      "salzig",
      "breadstick",
      "pretzel stick",
      "bakery",
      "savory snack"
    ]
  },
  {
    "productName": "Backbox Vollkornmuschel",
    "category": "Bread & Bakery (Brot & Gebäck)",
    "currentPrice": "0,59€",
    "oldPrice": "N/A",
    "packageSize": "N/A",
    "unitPrice": "N/A",
    "discount": "N/A",
    "availabilityDateRange": "MO. 27.10. BIS MI. 29.10.",
    "productHash": "backbox-vollkornmuschel",
    "offerEndDate": "2023-10-26",
    "offerStartDate": "2023-10-26",
    "currentPriceNumeric": 0.59,
    "oldPriceNumeric": null,
    "storeName": "HOFER",
    "searchTags": [
      "backbox",
      "vollkornmuschel",
      "vollkorn",
      "gebäck",
      "brot",
      "korngebäck",
      "whole grain pastry",
      "wholemeal bread",
      "bakery",
      "healthy bread"
    ]
  },
  {
    "productName": "Zurück zum Ursprung Bio-Käsevariation in Scheiben",
    "category": "Dairy & Eggs (Milchprodukte & Eier)",
    "currentPrice": "1,99€",
    "oldPrice": "2,99€",
    "packageSize": "175 g",
    "unitPrice": "1,14€/100 g",
    "discount": "-33%",
    "availabilityDateRange": "MO. 27.10. BIS MI. 29.10.",
    "productHash": "zurueck-zum-ursprung-bio-kaesevariation-in-scheiben",
    "offerEndDate": "2023-10-26",
    "offerStartDate": "2023-10-26",
    "currentPriceNumeric": 1.99,
    "oldPriceNumeric": 2.99,
    "storeName": "HOFER",
    "searchTags": [
      "zurueck zum ursprung",
      "bio",
      "kaesevariation",
      "scheiben",
      "kaese",
      "milchprodukt",
      "organic cheese",
      "sliced cheese",
      "cheese assortment",
      "dairy",
      "organic dairy"
    ]
  },
  {
    "productName": "Barissimo Espresso/Crema",
    "category": "Drinks & Beverages (Getränke)",
    "currentPrice": "8,99€",
    "oldPrice": "13,99€",
    "packageSize": "1 kg",
    "unitPrice": "N/A",
    "discount": "-35%",
    "availabilityDateRange": "MO. 27.10. BIS MI. 29.10.",
    "productHash": "barissimo-espresso-crema",
    "offerEndDate": "2023-10-26",
    "offerStartDate": "2023-10-26",
    "currentPriceNumeric": 8.99,
    "oldPriceNumeric": 13.99,
    "storeName": "HOFER",
    "searchTags": [
      "barissimo",
      "espresso",
      "crema",
      "kaffee",
      "kaffeebohnen",
      "gemahlener kaffee",
      "coffee",
      "espresso beans",
      "coffee crema",
      "beverage"
    ]
  },
  {
    "productName": "Oatly Haferdrink Barista",
    "category": "Dairy & Eggs (Milchprodukte & Eier)",
    "currentPrice": "1,69€",
    "oldPrice": "2,79€",
    "packageSize": "1 l",
    "unitPrice": "N/A",
    "discount": "-39%",
    "availabilityDateRange": "MO. 27.10. BIS MI. 29.10.",
    "productHash": "oatly-haferdrink-barista",
    "offerEndDate": "2023-10-26",
    "offerStartDate": "2023-10-26",
    "currentPriceNumeric": 1.69,
    "oldPriceNumeric": 2.79,
    "storeName": "HOFER",
    "searchTags": [
      "oatly",
      "haferdrink",
      "barista",
      "hafermilch",
      "milchalternative",
      "vegan",
      "oat milk",
      "oat drink",
      "barista edition",
      "plant-based milk",
      "dairy alternative"
    ]
  },
  {
    "productName": "Egger Märzen",
    "category": "Drinks & Beverages (Getränke)",
    "currentPrice": "0,57€",
    "oldPrice": "N/A",
    "packageSize": "0,5 l",
    "unitPrice": "N/A",
    "discount": "N/A",
    "availabilityDateRange": "MO. 27.10. BIS MI. 29.10.",
    "productHash": "egger-maerzen",
    "offerEndDate": "2023-10-26",
    "offerStartDate": "2023-10-26",
    "currentPriceNumeric": 0.57,
    "oldPriceNumeric": null,
    "storeName": "HOFER",
    "searchTags": [
      "egger",
      "maerzen",
      "bier",
      "lager",
      "getraenk",
      "alkohol",
      "beer",
      "lager beer",
      "alcoholic beverage",
      "austrian beer"
    ]
  },
  {
    "productName": "Franz Anton Mayer Grüner Veltliner Prestige",
    "category": "Drinks & Beverages (Getränke)",
    "currentPrice": "2,66€",
    "oldPrice": "N/A",
    "packageSize": "0,75 l",
    "unitPrice": "N/A",
    "discount": "N/A",
    "availabilityDateRange": "MO. 27.10. BIS MI. 29.10.",
    "productHash": "franz-anton-mayer-gruener-veltliner-prestige",
    "offerEndDate": "2023-10-26",
    "offerStartDate": "2023-10-26",
    "currentPriceNumeric": 2.66,
    "oldPriceNumeric": null,
    "storeName": "HOFER",
    "searchTags": [
      "franz anton mayer",
      "gruener veltliner",
      "prestige",
      "wein",
      "weisswein",
      "oesterreichischer wein",
      "wine",
      "white wine",
      "austrian wine",
      "alcoholic beverage",
      "grüner veltliner"
    ]
  },
  {
    "productName": "Grandessa Honig",
    "category": "Pantry & Baking (Grundnahrungsmittel)",
    "currentPrice": "2,49€",
    "oldPrice": "3,49€",
    "packageSize": "500 g",
    "unitPrice": "N/A",
    "discount": "-28%",
    "availabilityDateRange": "MO. 27.10. BIS MI. 29.10.",
    "productHash": "grandessa-honig",
    "offerEndDate": "2023-10-26",
    "offerStartDate": "2023-10-26",
    "currentPriceNumeric": 2.49,
    "oldPriceNumeric": 3.49,
    "storeName": "HOFER",
    "searchTags": [
      "grandessa",
      "honig",
      "suessmittel",
      "imkerei",
      "brotaufstrich",
      "honey",
      "sweetener",
      "natural sweetener",
      "spread",
      "pantry item"
    ]
  },
  {
    "productName": "Ferrero Duplo",
    "category": "Snacks & Confectionery (Süßwaren & Snacks)",
    "currentPrice": "2,39€",
    "oldPrice": "2,99€",
    "packageSize": "182 g",
    "unitPrice": "1,31€/100 g",
    "discount": "-20%",
    "availabilityDateRange": "MO. 27.10. BIS MI. 29.10.",
    "productHash": "ferrero-duplo",
    "offerEndDate": "2023-10-26",
    "offerStartDate": "2023-10-26",
    "currentPriceNumeric": 2.39,
    "oldPriceNumeric": 2.99,
    "storeName": "HOFER",
    "searchTags": [
      "ferrero",
      "duplo",
      "schokolade",
      "riegel",
      "suessigkeiten",
      "schokoriegel",
      "chocolate bar",
      "chocolate",
      "sweets",
      "candy",
      "wafer bar"
    ]
  },
  {
    "productName": "Nimm 2 Lachgummi & Lolly",
    "category": "Snacks & Confectionery (Süßwaren & Snacks)",
    "currentPrice": "1,29€",
    "oldPrice": "2,59€",
    "packageSize": "160 g / 300 g",
    "unitPrice": "0,43€/0,81€/100 g",
    "discount": "-50%",
    "availabilityDateRange": "MO. 27.10. BIS MI. 29.10.",
    "productHash": "nimm-2-lachgummi-lolly",
    "offerEndDate": "2023-10-26",
    "offerStartDate": "2023-10-26",
    "currentPriceNumeric": 1.29,
    "oldPriceNumeric": 2.59,
    "storeName": "HOFER",
    "searchTags": [
      "nimm 2",
      "lachgummi",
      "lolly",
      "fruchtgummi",
      "lutscher",
      "suessigkeiten",
      "candy",
      "fruit gummies",
      "lollipop",
      "sweets",
      "kids candy"
    ]
  },
  {
    "productName": "Ferrero Raffaello",
    "category": "Snacks & Confectionery (Süßwaren & Snacks)",
    "currentPrice": "3,19€",
    "oldPrice": "3,99€",
    "packageSize": "230 g",
    "unitPrice": "1,39€/100 g",
    "discount": "-20%",
    "availabilityDateRange": "MO. 27.10. BIS MI. 29.10.",
    "productHash": "ferrero-raffaello",
    "offerEndDate": "2023-10-26",
    "offerStartDate": "2023-10-26",
    "currentPriceNumeric": 3.19,
    "oldPriceNumeric": 3.99,
    "storeName": "HOFER",
    "searchTags": [
      "ferrero",
      "raffaello",
      "kokospraline",
      "praline",
      "suessigkeiten",
      "kokosnuss",
      "mandel",
      "coconut praline",
      "chocolate",
      "sweets",
      "candy"
    ]
  },
  {
    "productName": "Kägi Fret Mini",
    "category": "Snacks & Confectionery (Süßwaren & Snacks)",
    "currentPrice": "1,39€",
    "oldPrice": "2,79€",
    "packageSize": "102 g",
    "unitPrice": "1,36€/100 g",
    "discount": "-50%",
    "availabilityDateRange": "MO. 27.10. BIS MI. 29.10.",
    "productHash": "kaegi-fret-mini",
    "offerEndDate": "2023-10-26",
    "offerStartDate": "2023-10-26",
    "currentPriceNumeric": 1.39,
    "oldPriceNumeric": 2.79,
    "storeName": "HOFER",
    "searchTags": [
      "kaegi fret",
      "mini",
      "waffeln",
      "schokolade",
      "schnitten",
      "haselnusswaffeln",
      "wafers",
      "chocolate wafers",
      "mini wafers",
      "sweets",
      "snack"
    ]
  },
  {
    "productName": "Lane Kekse",
    "category": "Snacks & Confectionery (Süßwaren & Snacks)",
    "currentPrice": "2,39€",
    "oldPrice": "3,29€",
    "packageSize": "300 g",
    "unitPrice": "0,80€/100 g",
    "discount": "-27%",
    "availabilityDateRange": "MO. 27.10. BIS MI. 29.10.",
    "productHash": "lane-kekse",
    "offerEndDate": "2023-10-26",
    "offerStartDate": "2023-10-26",
    "currentPriceNumeric": 2.39,
    "oldPriceNumeric": 3.29,
    "storeName": "HOFER",
    "searchTags": [
      "lane",
      "kekse",
      "gebäck",
      "biskuit",
      "suessigkeiten",
      "cookies",
      "biscuits",
      "sweets",
      "snack",
      "tea biscuits"
    ]
  },
  {
    "productName": "Ariel Waschmittel",
    "category": "Household & Cleaning (Haushalt)",
    "currentPrice": "8,99€",
    "oldPrice": "12,99€",
    "packageSize": "50/45/38 Waschgänge",
    "unitPrice": "0,18€/0,20€/0,24€/Wg",
    "discount": "-30%",
    "availabilityDateRange": "MO. 27.10. BIS MI. 29.10.",
    "productHash": "ariel-waschmittel",
    "offerEndDate": "2023-10-26",
    "offerStartDate": "2023-10-26",
    "currentPriceNumeric": 8.99,
    "oldPriceNumeric": 12.99,
    "storeName": "HOFER",
    "searchTags": [
      "ariel",
      "waschmittel",
      "waschen",
      "reiniger",
      "waesche",
      "hausmittel",
      "detergent",
      "laundry detergent",
      "cleaning",
      "household cleaning"
    ]
  },
  {
    "productName": "Lenor Weichspüler (52 Waschgänge)",
    "category": "Household & Cleaning (Haushalt)",
    "currentPrice": "2,99€",
    "oldPrice": "4,75€",
    "packageSize": "52 Waschgänge",
    "unitPrice": "0,05€/Wg",
    "discount": "-37%",
    "availabilityDateRange": "MO. 27.10. BIS MI. 29.10.",
    "productHash": "lenor-weichspueler-52-waschgaenge",
    "offerEndDate": "2023-10-26",
    "offerStartDate": "2023-10-26",
    "currentPriceNumeric": 2.99,
    "oldPriceNumeric": 4.75,
    "storeName": "HOFER",
    "searchTags": [
      "lenor",
      "weichspueler",
      "waschen",
      "waesche",
      "pflege",
      "waschmittel",
      "fabric softener",
      "laundry care",
      "cleaning",
      "household cleaning"
    ]
  },
  {
    "productName": "Gourmet Finest Cuisine Kochschinken",
    "category": "Meat & Poultry (Fleisch & Geflügel)",
    "currentPrice": "1,79€",
    "oldPrice": "2,49€",
    "packageSize": "100 g",
    "unitPrice": "1,79€/100 g",
    "discount": "-28%",
    "availabilityDateRange": "MO. 27.10. BIS MI. 29.10.",
    "productHash": "gourmet-finest-cuisine-kochschinken",
    "offerEndDate": "2023-10-26",
    "offerStartDate": "2023-10-26",
    "currentPriceNumeric": 1.79,
    "oldPriceNumeric": 2.49,
    "storeName": "HOFER",
    "searchTags": [
      "gourmet finest cuisine",
      "kochschinken",
      "schinken",
      "fleisch",
      "aufschnitt",
      "delikatesse",
      "cooked ham",
      "ham",
      "meat",
      "cold cut",
      "gourmet food"
    ]
  },
  {
    "productName": "Gourmet Finest Cuisine Lachsfiletseite",
    "category": "Fish & Seafood (Fisch)",
    "currentPrice": "14,99€",
    "oldPrice": "N/A",
    "packageSize": "750 g",
    "unitPrice": "19,99€/kg",
    "discount": "N/A",
    "availabilityDateRange": "MO. 27.10. BIS MI. 29.10.",
    "productHash": "gourmet-finest-cuisine-lachsfiletseite",
    "offerEndDate": "2023-10-26",
    "offerStartDate": "2023-10-26",
    "currentPriceNumeric": 14.99,
    "oldPriceNumeric": null,
    "storeName": "HOFER",
    "searchTags": [
      "gourmet finest cuisine",
      "lachsfiletseite",
      "lachs",
      "fisch",
      "seafood",
      "fischfilet",
      "salmon fillet",
      "salmon",
      "fish",
      "gourmet food",
      "seafood"
    ]
  },
  {
    "productName": "Gourmet Finest Cuisine Kirschtomatenauce",
    "category": "Pantry & Baking (Grundnahrungsmittel)",
    "currentPrice": "0,94€",
    "oldPrice": "N/A",
    "packageSize": "350 g",
    "unitPrice": "N/A",
    "discount": "3+1 Gratis",
    "availabilityDateRange": "MO. 27.10. BIS MI. 29.10.",
    "productHash": "gourmet-finest-cuisine-kirschtomatenauce",
    "offerEndDate": "2023-10-26",
    "offerStartDate": "2023-10-26",
    "currentPriceNumeric": 0.94,
    "oldPriceNumeric": null,
    "storeName": "HOFER",
    "searchTags": [
      "gourmet finest cuisine",
      "kirschtomatenauce",
      "tomatensauce",
      "sauce",
      "pasta",
      "sugo",
      "cherry tomato sauce",
      "tomato sauce",
      "pasta sauce",
      "gourmet food"
    ]
  },
  {
    "productName": "Gourmet Finest Cuisine Fruchtaufstrich",
    "category": "Pantry & Baking (Grundnahrungsmittel)",
    "currentPrice": "0,99€",
    "oldPrice": "1,45€",
    "packageSize": "260 g",
    "unitPrice": "3,96€/kg",
    "discount": "-31%",
    "availabilityDateRange": "MO. 27.10. BIS MI. 29.10.",
    "productHash": "gourmet-finest-cuisine-fruchtaufstrich",
    "offerEndDate": "2023-10-26",
    "offerStartDate": "2023-10-26",
    "currentPriceNumeric": 0.99,
    "oldPriceNumeric": 1.45,
    "storeName": "HOFER",
    "searchTags": [
      "gourmet finest cuisine",
      "fruchtaufstrich",
      "marmelade",
      "konfituere",
      "brotaufstrich",
      "frucht",
      "fruit spread",
      "jam",
      "marmalade",
      "spread",
      "gourmet food"
    ]
  },
  {
    "productName": "Romeo Bomberjacke Hunde",
    "category": "Pet Supplies (Tiernahrung)",
    "currentPrice": "9,99€",
    "oldPrice": "N/A",
    "packageSize": "N/A",
    "unitPrice": "N/A",
    "discount": "N/A",
    "availabilityDateRange": "AB MO. 27.10.",
    "productHash": "romeo-bomberjacke-hunde",
    "offerEndDate": "2023-10-26",
    "offerStartDate": "2023-10-26",
    "currentPriceNumeric": 9.99,
    "oldPriceNumeric": null,
    "storeName": "HOFER",
    "searchTags": [
      "romeo",
      "bomberjacke",
      "hunde",
      "hundezubehoer",
      "tierbekleidung",
      "hundemantel",
      "dog jacket",
      "pet clothing",
      "dog accessories",
      "pet supplies",
      "dog fashion"
    ]
  },
  {
    "productName": "Romeo & Cachet Bambus-Futterstation",
    "category": "Pet Supplies (Tiernahrung)",
    "currentPrice": "9,99€",
    "oldPrice": "N/A",
    "packageSize": "N/A",
    "unitPrice": "N/A",
    "discount": "N/A",
    "availabilityDateRange": "AB MO. 27.10.",
    "productHash": "romeo-cachet-bambus-futterstation",
    "offerEndDate": "2023-10-26",
    "offerStartDate": "2023-10-26",
    "currentPriceNumeric": 9.99,
    "oldPriceNumeric": null,
    "storeName": "HOFER",
    "searchTags": [
      "romeo",
      "cachet",
      "bambus-futterstation",
      "futterstation",
      "tierzubehoer",
      "futternapf",
      "pet feeding station",
      "bamboo",
      "dog bowl",
      "cat bowl",
      "pet supplies"
    ]
  },
  {
    "productName": "Romeo Katzennassfutter",
    "category": "Pet Supplies (Tiernahrung)",
    "currentPrice": "18,99€",
    "oldPrice": "24,99€",
    "packageSize": "50 x 85 g",
    "unitPrice": "5,59€/kg",
    "discount": "N/A",
    "availabilityDateRange": "AB MO. 27.10.",
    "productHash": "romeo-katzennassfutter",
    "offerEndDate": "2023-10-26",
    "offerStartDate": "2023-10-26",
    "currentPriceNumeric": 18.99,
    "oldPriceNumeric": 24.99,
    "storeName": "HOFER",
    "searchTags": [
      "romeo",
      "katzennassfutter",
      "katzenfutter",
      "nassfutter",
      "tiernahrung",
      "katze",
      "cat wet food",
      "cat food",
      "pet food",
      "feline nutrition"
    ]
  },
  {
    "productName": "Pedigree Dentastix",
    "category": "Pet Supplies (Tiernahrung)",
    "currentPrice": "13,99€",
    "oldPrice": "15,99€",
    "packageSize": "56 Stk.",
    "unitPrice": "9,72€/kg",
    "discount": "N/A",
    "availabilityDateRange": "AB MO. 27.10.",
    "productHash": "pedigree-dentastix",
    "offerEndDate": "2023-10-26",
    "offerStartDate": "2023-10-26",
    "currentPriceNumeric": 13.99,
    "oldPriceNumeric": 15.99,
    "storeName": "HOFER",
    "searchTags": [
      "pedigree",
      "dentastix",
      "hundesnack",
      "zahnpflege",
      "hunde",
      "tiernahrung",
      "dog treats",
      "dental care",
      "dog snacks",
      "pet food",
      "oral hygiene"
    ]
  },
  {
    "productName": "Purina Adventuros Hundesnack",
    "category": "Pet Supplies (Tiernahrung)",
    "currentPrice": "3,19€",
    "oldPrice": "3,99€",
    "packageSize": "90 g",
    "unitPrice": "10,63€/kg",
    "discount": "N/A",
    "availabilityDateRange": "AB MO. 27.10.",
    "productHash": "purina-adventuros-hundesnack",
    "offerEndDate": "2023-10-26",
    "offerStartDate": "2023-10-26",
    "currentPriceNumeric": 3.19,
    "oldPriceNumeric": 3.99,
    "storeName": "HOFER",
    "searchTags": [
      "purina",
      "adventuros",
      "hundesnack",
      "hunde",
      "leckerli",
      "tiernahrung",
      "dog treats",
      "dog snacks",
      "pet food",
      "dog training"
    ]
  },
  {
    "productName": "Cachet Katzenfutter",
    "category": "Pet Supplies (Tiernahrung)",
    "currentPrice": "10,49€",
    "oldPrice": "N/A",
    "packageSize": "48 x 100 g",
    "unitPrice": "2,19€/kg",
    "discount": "20% sparen",
    "availabilityDateRange": "AB MO. 27.10.",
    "productHash": "cachet-katzenfutter",
    "offerEndDate": "2023-10-26",
    "offerStartDate": "2023-10-26",
    "currentPriceNumeric": 10.49,
    "oldPriceNumeric": null,
    "storeName": "HOFER",
    "searchTags": [
      "cachet",
      "katzenfutter",
      "katze",
      "tiernahrung",
      "trockenfutter",
      "nassfutter",
      "cat food",
      "pet food",
      "feline nutrition",
      "dry cat food",
      "wet cat food"
    ]
  },
  {
    "productName": "Felix Katzenfutter",
    "category": "Pet Supplies (Tiernahrung)",
    "currentPrice": "16,99€",
    "oldPrice": "17,99€",
    "packageSize": "60 x 85 g",
    "unitPrice": "3,33€/kg",
    "discount": "N/A",
    "availabilityDateRange": "AB MO. 27.10.",
    "productHash": "felix-katzenfutter",
    "offerEndDate": "2023-10-26",
    "offerStartDate": "2023-10-26",
    "currentPriceNumeric": 16.99,
    "oldPriceNumeric": 17.99,
    "storeName": "HOFER",
    "searchTags": [
      "felix",
      "katzenfutter",
      "katze",
      "tiernahrung",
      "trockenfutter",
      "nassfutter",
      "cat food",
      "pet food",
      "feline nutrition",
      "dry cat food",
      "wet cat food"
    ]
  },
  {
    "productName": "Jäckchen/Kapuzenpullover",
    "category": "Miscellaneous",
    "currentPrice": "9,99€",
    "oldPrice": "N/A",
    "packageSize": "N/A",
    "unitPrice": "N/A",
    "discount": "N/A",
    "availabilityDateRange": "AB MO. 27.10.",
    "productHash": "jaeckchen-kapuzenpullover",
    "offerEndDate": "2023-10-26",
    "offerStartDate": "2023-10-26",
    "currentPriceNumeric": 9.99,
    "oldPriceNumeric": null,
    "storeName": "HOFER",
    "searchTags": [
      "jaeckchen",
      "kapuzenpullover",
      "kleidung",
      "mode",
      "pullover",
      "hoodie",
      "jacket",
      "clothing",
      "apparel",
      "fashion",
      "sweatshirt"
    ]
  },
  {
    "productName": "Damen/Herren-Socken",
    "category": "Miscellaneous",
    "currentPrice": "4,99€",
    "oldPrice": "N/A",
    "packageSize": "7 Paar",
    "unitPrice": "N/A",
    "discount": "N/A",
    "availabilityDateRange": "AB MO. 27.10.",
    "productHash": "damen-herren-socken",
    "offerEndDate": "2023-10-26",
    "offerStartDate": "2023-10-26",
    "currentPriceNumeric": 4.99,
    "oldPriceNumeric": null,
    "storeName": "HOFER",
    "searchTags": [
      "damen",
      "herren",
      "socken",
      "kleidung",
      "fuesse",
      "unterwaesche",
      "socks",
      "men's socks",
      "women's socks",
      "apparel",
      "footwear"
    ]
  },
  {
    "productName": "Damen-Winter-Strumpfhose",
    "category": "Miscellaneous",
    "currentPrice": "5,99€",
    "oldPrice": "N/A",
    "packageSize": "N/A",
    "unitPrice": "N/A",
    "discount": "N/A",
    "availabilityDateRange": "AB MO. 27.10.",
    "productHash": "damen-winter-strumpfhose",
    "offerEndDate": "2023-10-26",
    "offerStartDate": "2023-10-26",
    "currentPriceNumeric": 5.99,
    "oldPriceNumeric": null,
    "storeName": "HOFER",
    "searchTags": [
      "damen",
      "winter",
      "strumpfhose",
      "kleidung",
      "waerme",
      "beine",
      "tights",
      "women's tights",
      "winter wear",
      "clothing",
      "hosiery"
    ]
  },
  {
    "productName": "Damen/Herren Lederkomfortfussbett",
    "category": "Miscellaneous",
    "currentPrice": "5,99€",
    "oldPrice": "N/A",
    "packageSize": "N/A",
    "unitPrice": "N/A",
    "discount": "N/A",
    "availabilityDateRange": "AB MO. 27.10.",
    "productHash": "damen-herren-lederkomfortfussbett",
    "offerEndDate": "2023-10-26",
    "offerStartDate": "2023-10-26",
    "currentPriceNumeric": 5.99,
    "oldPriceNumeric": null,
    "storeName": "HOFER",
    "searchTags": [
      "damen",
      "herren",
      "lederkomfortfussbett",
      "schuhe",
      "einlegesohlen",
      "komfort",
      "leder",
      "leather insole",
      "comfort insole",
      "shoe accessory",
      "foot comfort",
      "leather"
    ]
  },
  {
    "productName": "Damen Chelsea-Stiefeletten",
    "category": "Miscellaneous",
    "currentPrice": "14,99€",
    "oldPrice": "26,99€",
    "packageSize": "N/A",
    "unitPrice": "N/A",
    "discount": "-44%",
    "availabilityDateRange": "AB MO. 27.10.",
    "productHash": "damen-chelsea-stiefeletten",
    "offerEndDate": "2023-10-26",
    "offerStartDate": "2023-10-26",
    "currentPriceNumeric": 14.99,
    "oldPriceNumeric": 26.99,
    "storeName": "HOFER",
    "searchTags": [
      "damen",
      "chelsea-stiefeletten",
      "schuhe",
      "stiefeletten",
      "mode",
      "damenschuhe",
      "chelsea boots",
      "women's boots",
      "footwear",
      "fashion",
      "shoes"
    ]
  },
  {
    "productName": "Damen-Unterhemd, Doppelpkg.",
    "category": "Miscellaneous",
    "currentPrice": "3,99€",
    "oldPrice": "N/A",
    "packageSize": "N/A",
    "unitPrice": "N/A",
    "discount": "N/A",
    "availabilityDateRange": "AB MO. 27.10.",
    "productHash": "damen-unterhemd-doppelpkg",
    "offerEndDate": "2023-10-26",
    "offerStartDate": "2023-10-26",
    "currentPriceNumeric": 3.99,
    "oldPriceNumeric": null,
    "storeName": "HOFER",
    "searchTags": [
      "damen",
      "unterhemd",
      "doppelpkg",
      "unterwaesche",
      "kleidung",
      "waesche",
      "women's undershirt",
      "lingerie",
      "underwear",
      "clothing",
      "double pack"
    ]
  },
  {
    "productName": "Damen-Unterhosen",
    "category": "Miscellaneous",
    "currentPrice": "3,49€",
    "oldPrice": "N/A",
    "packageSize": "3 Stk.",
    "unitPrice": "N/A",
    "discount": "N/A",
    "availabilityDateRange": "AB MO. 27.10.",
    "productHash": "damen-unterhosen",
    "offerEndDate": "2023-10-26",
    "offerStartDate": "2023-10-26",
    "currentPriceNumeric": 3.49,
    "oldPriceNumeric": null,
    "storeName": "HOFER",
    "searchTags": [
      "damen",
      "unterhosen",
      "unterwaesche",
      "kleidung",
      "waesche",
      "women's underwear",
      "panties",
      "lingerie",
      "clothing",
      "intimate apparel"
    ]
  },
  {
    "productName": "Home Creation 3D-Metallstecker",
    "category": "Miscellaneous",
    "currentPrice": "6,99€",
    "oldPrice": "N/A",
    "packageSize": "N/A",
    "unitPrice": "N/A",
    "discount": "N/A",
    "availabilityDateRange": "AB MO. 27.10.",
    "productHash": "home-creation-3d-metallstecker",
    "offerEndDate": "2023-10-26",
    "offerStartDate": "2023-10-26",
    "currentPriceNumeric": 6.99,
    "oldPriceNumeric": null,
    "storeName": "HOFER",
    "searchTags": [
      "home creation",
      "3d-metallstecker",
      "deko",
      "dekoration",
      "weihnachtsdeko",
      "gartenstecker",
      "metal decor",
      "3d decor",
      "home decor",
      "christmas decor",
      "garden stake"
    ]
  },
  {
    "productName": "Aufstell-Adventskalender",
    "category": "Miscellaneous",
    "currentPrice": "2,99€",
    "oldPrice": "N/A",
    "packageSize": "N/A",
    "unitPrice": "N/A",
    "discount": "N/A",
    "availabilityDateRange": "AB MO. 27.10.",
    "productHash": "aufstell-adventskalender",
    "offerEndDate": "2023-10-26",
    "offerStartDate": "2023-10-26",
    "currentPriceNumeric": 2.99,
    "oldPriceNumeric": null,
    "storeName": "HOFER",
    "searchTags": [
      "aufstell-adventskalender",
      "adventskalender",
      "weihnachten",
      "deko",
      "kalender",
      "advent calendar",
      "christmas decor",
      "christmas countdown",
      "holiday decoration",
      "standing calendar"
    ]
  },
  {
    "productName": "Malta Adventskalender",
    "category": "Miscellaneous",
    "currentPrice": "24,99€",
    "oldPrice": "N/A",
    "packageSize": "N/A",
    "unitPrice": "N/A",
    "discount": "N/A",
    "availabilityDateRange": "AB MO. 27.10.",
    "productHash": "malta-adventskalender",
    "offerEndDate": "2023-10-26",
    "offerStartDate": "2023-10-26",
    "currentPriceNumeric": 24.99,
    "oldPriceNumeric": null,
    "storeName": "HOFER",
    "searchTags": [
      "malta",
      "adventskalender",
      "weihnachten",
      "deko",
      "kalender",
      "advent calendar",
      "christmas decor",
      "christmas countdown",
      "holiday decoration",
      "chocolate calendar"
    ]
  },
  {
    "productName": "Home Creation XXL Weihnachtsfiguren",
    "category": "Miscellaneous",
    "currentPrice": "9,99€",
    "oldPrice": "N/A",
    "packageSize": "N/A",
    "unitPrice": "N/A",
    "discount": "N/A",
    "availabilityDateRange": "AB MO. 27.10.",
    "productHash": "home-creation-xxl-weihnachtsfiguren",
    "offerEndDate": "2023-10-26",
    "offerStartDate": "2023-10-26",
    "currentPriceNumeric": 9.99,
    "oldPriceNumeric": null,
    "storeName": "HOFER",
    "searchTags": [
      "home creation",
      "xxl",
      "weihnachtsfiguren",
      "deko",
      "dekoration",
      "weihnachten",
      "christmas figures",
      "christmas decor",
      "holiday decoration",
      "large figures",
      "seasonal decor"
    ]
  },
  {
    "productName": "Home Creation Weihnachts-Stummpen",
    "category": "Miscellaneous",
    "currentPrice": "4,99€",
    "oldPrice": "N/A",
    "packageSize": "N/A",
    "unitPrice": "N/A",
    "discount": "N/A",
    "availabilityDateRange": "AB MO. 27.10.",
    "productHash": "home-creation-weihnachts-stummpen",
    "offerEndDate": "2023-10-26",
    "offerStartDate": "2023-10-26",
    "currentPriceNumeric": 4.99,
    "oldPriceNumeric": null,
    "storeName": "HOFER",
    "searchTags": [
      "home creation",
      "weihnachts-stummpen",
      "kerze",
      "weihnachten",
      "deko",
      "lichter",
      "christmas candle",
      "candle",
      "christmas decor",
      "holiday decoration",
      "seasonal lighting"
    ]
  },
  {
    "productName": "Home Creation Duftkerze im bunten Glas",
    "category": "Household & Cleaning (Haushalt)",
    "currentPrice": "1,79€",
    "oldPrice": "N/A",
    "packageSize": "N/A",
    "unitPrice": "N/A",
    "discount": "N/A",
    "availabilityDateRange": "AB MO. 27.10.",
    "productHash": "home-creation-duftkerze-im-bunten-glas",
    "offerEndDate": "2023-10-26",
    "offerStartDate": "2023-10-26",
    "currentPriceNumeric": 1.79,
    "oldPriceNumeric": null,
    "storeName": "HOFER",
    "searchTags": [
      "home creation",
      "duftkerze",
      "buntes glas",
      "kerze",
      "duft",
      "raumduft",
      "scented candle",
      "fragrance",
      "home fragrance",
      "candle in glass",
      "household item"
    ]
  },
  {
    "productName": "Home Creation Weihnachts-Figurenkerze",
    "category": "Christmas Decor",
    "currentPrice": "2,29€",
    "oldPrice": "N/A",
    "packageSize": "N/A",
    "unitPrice": "N/A",
    "discount": "N/A",
    "availabilityDateRange": "AB MO. 27.10.",
    "productHash": "home_creation_weihnachts_figurenkerzenachristmas_decor",
    "offerEndDate": "2025-10-30",
    "offerStartDate": "2025-10-30",
    "currentPriceNumeric": 2.29,
    "oldPriceNumeric": null,
    "storeName": "HOFER"
  },
  {
    "productName": "Home Creation Xmas Kreativsortiment",
    "category": "Christmas Decor",
    "currentPrice": "1,99€",
    "oldPrice": "N/A",
    "packageSize": "N/A",
    "unitPrice": "N/A",
    "discount": "N/A",
    "availabilityDateRange": "AB MO. 27.10.",
    "productHash": "home_creation_xmas_kreativsortimentnachristmas_decor",
    "offerEndDate": "2025-10-30",
    "offerStartDate": "2025-10-30",
    "currentPriceNumeric": 1.99,
    "oldPriceNumeric": null,
    "storeName": "HOFER"
  },
  {
    "productName": "Workzone Arbeitsleuchte mit Bewegungsmelder",
    "category": "Tools",
    "currentPrice": "24,99€",
    "oldPrice": "N/A",
    "packageSize": "N/A",
    "unitPrice": "N/A",
    "discount": "N/A",
    "availabilityDateRange": "AB MO. 27.10.",
    "productHash": "workzone_arbeitsleuchte_mit_bewegungsmeldernatools",
    "offerEndDate": "2025-10-30",
    "offerStartDate": "2025-10-30",
    "currentPriceNumeric": 24.99,
    "oldPriceNumeric": null,
    "storeName": "HOFER"
  },
  {
    "productName": "Workzone Steckschlüsselsatz",
    "category": "Tools",
    "currentPrice": "12,99€",
    "oldPrice": "N/A",
    "packageSize": "47 bzw. 53 Teile",
    "unitPrice": "N/A",
    "discount": "N/A",
    "availabilityDateRange": "AB MO. 27.10.",
    "productHash": "workzone_steckschlüsselsatz47_bzw_53_teiletools",
    "offerEndDate": "2025-10-30",
    "offerStartDate": "2025-10-30",
    "currentPriceNumeric": 12.99,
    "oldPriceNumeric": null,
    "storeName": "HOFER"
  },
  {
    "productName": "Workzone Feuchtigkeitsmessgerät/Infrarot-Thermometer",
    "category": "Tools",
    "currentPrice": "9,99€",
    "oldPrice": "N/A",
    "packageSize": "N/A",
    "unitPrice": "N/A",
    "discount": "N/A",
    "availabilityDateRange": "AB MO. 27.10.",
    "productHash": "workzone_feuchtigkeitsmessgerätinfrarot_thermometernatools",
    "offerEndDate": "2025-10-30",
    "offerStartDate": "2025-10-30",
    "currentPriceNumeric": 9.99,
    "oldPriceNumeric": null,
    "storeName": "HOFER"
  },
  {
    "productName": "Ride+Go Powerbank mit Starthilfefunktion",
    "category": "Car Accessories",
    "currentPrice": "49,99€",
    "oldPrice": "N/A",
    "packageSize": "N/A",
    "unitPrice": "N/A",
    "discount": "N/A",
    "availabilityDateRange": "AB MO. 27.10.",
    "productHash": "ridego_powerbank_mit_starthilfefunktionnacar_accessories",
    "offerEndDate": "2025-10-30",
    "offerStartDate": "2025-10-30",
    "currentPriceNumeric": 49.99,
    "oldPriceNumeric": null,
    "storeName": "HOFER"
  },
  {
    "productName": "Ride+Go Auto-Sitzauflage",
    "category": "Car Accessories",
    "currentPrice": "7,99€",
    "oldPrice": "N/A",
    "packageSize": "N/A",
    "unitPrice": "N/A",
    "discount": "N/A",
    "availabilityDateRange": "AB MO. 27.10.",
    "productHash": "ridego_auto_sitzauflagenacar_accessories",
    "offerEndDate": "2025-10-30",
    "offerStartDate": "2025-10-30",
    "currentPriceNumeric": 7.99,
    "oldPriceNumeric": null,
    "storeName": "HOFER"
  },
  {
    "productName": "Ride+Go Auto Vollgarage",
    "category": "Car Accessories",
    "currentPrice": "7,99€",
    "oldPrice": "12,99€",
    "packageSize": "N/A",
    "unitPrice": "N/A",
    "discount": "-38%",
    "availabilityDateRange": "AB MO. 27.10.",
    "productHash": "ridego_auto_vollgaragenacar_accessories",
    "offerEndDate": "2025-10-30",
    "offerStartDate": "2025-10-30",
    "currentPriceNumeric": 7.99,
    "oldPriceNumeric": 12.99,
    "storeName": "HOFER"
  },
  {
    "productName": "Maxi-Cosi Morion i-Size",
    "category": "Child Safety Seats",
    "currentPrice": "99,99€",
    "oldPrice": "N/A",
    "packageSize": "N/A",
    "unitPrice": "N/A",
    "discount": "N/A",
    "availabilityDateRange": "AB MO. 27.10.",
    "productHash": "maxi_cosi_morion_i_sizenachild_safety_seats",
    "offerEndDate": "2025-10-30",
    "offerStartDate": "2025-10-30",
    "currentPriceNumeric": 99.99,
    "oldPriceNumeric": null,
    "storeName": "HOFER"
  },
  {
    "productName": "Ride+Go KFZ-Reifentaschen Set",
    "category": "Car Accessories",
    "currentPrice": "9,99€",
    "oldPrice": "N/A",
    "packageSize": "N/A",
    "unitPrice": "N/A",
    "discount": "N/A",
    "availabilityDateRange": "AB MO. 27.10.",
    "productHash": "ridego_kfz_reifentaschen_setnacar_accessories",
    "offerEndDate": "2025-10-30",
    "offerStartDate": "2025-10-30",
    "currentPriceNumeric": 9.99,
    "oldPriceNumeric": null,
    "storeName": "HOFER"
  },
  {
    "productName": "Ride+Go Luftentfeuchter",
    "category": "Home Appliances",
    "currentPrice": "5,99€",
    "oldPrice": "N/A",
    "packageSize": "N/A",
    "unitPrice": "N/A",
    "discount": "N/A",
    "availabilityDateRange": "AB MO. 27.10.",
    "productHash": "ridego_luftentfeuchternahome_appliances",
    "offerEndDate": "2025-10-30",
    "offerStartDate": "2025-10-30",
    "currentPriceNumeric": 5.99,
    "oldPriceNumeric": null,
    "storeName": "HOFER"
  },
  {
    "productName": "Philex Mobiler Infrarot-Rückenstrahler",
    "category": "Health & Wellness",
    "currentPrice": "499,00€",
    "oldPrice": "699,00€",
    "packageSize": "N/A",
    "unitPrice": "N/A",
    "discount": "N/A",
    "availabilityDateRange": "AB MO. 27.10.",
    "productHash": "philex_mobiler_infrarot_rückenstrahlernahealth_wellness",
    "offerEndDate": "2025-10-30",
    "offerStartDate": "2025-10-30",
    "currentPriceNumeric": 499.0,
    "oldPriceNumeric": 699.0,
    "storeName": "HOFER"
  },
  {
    "productName": "Infrarotkabine Redsun M mit Vollspektrumstrahler",
    "category": "Health & Wellness",
    "currentPrice": "1.149,00€",
    "oldPrice": "1.399,00€",
    "packageSize": "N/A",
    "unitPrice": "N/A",
    "discount": "N/A",
    "availabilityDateRange": "AB MO. 27.10.",
    "productHash": "infrarotkabine_redsun_m_mit_vollspektrumstrahlernahealth_wel",
    "offerEndDate": "2025-10-30",
    "offerStartDate": "2025-10-30",
    "currentPriceNumeric": null,
    "oldPriceNumeric": null,
    "storeName": "HOFER"
  },
  {
    "productName": "Marimex Infrarotheizung",
    "category": "Home Appliances",
    "currentPrice": "269,00€",
    "oldPrice": "N/A",
    "packageSize": "N/A",
    "unitPrice": "N/A",
    "discount": "N/A",
    "availabilityDateRange": "AB MO. 27.10.",
    "productHash": "marimex_infrarotheizungnahome_appliances",
    "offerEndDate": "2025-10-30",
    "offerStartDate": "2025-10-30",
    "currentPriceNumeric": 269.0,
    "oldPriceNumeric": null,
    "storeName": "HOFER"
  },
  {
    "productName": "Kärcher Akkusauger AD 2 Battery Set",
    "category": "Home Appliances",
    "currentPrice": "189,00€",
    "oldPrice": "239,00€",
    "packageSize": "N/A",
    "unitPrice": "N/A",
    "discount": "N/A",
    "availabilityDateRange": "AB MO. 27.10.",
    "productHash": "kärcher_akkusauger_ad_2_battery_setnahome_appliances",
    "offerEndDate": "2025-10-30",
    "offerStartDate": "2025-10-30",
    "currentPriceNumeric": 189.0,
    "oldPriceNumeric": 239.0,
    "storeName": "HOFER"
  },
  {
    "productName": "Scheppach Werkstattwagen TW1100",
    "category": "Tools",
    "currentPrice": "379,00€",
    "oldPrice": "699,00€",
    "packageSize": "N/A",
    "unitPrice": "N/A",
    "discount": "N/A",
    "availabilityDateRange": "AB MO. 27.10.",
    "productHash": "scheppach_werkstattwagen_tw1100natools",
    "offerEndDate": "2025-10-30",
    "offerStartDate": "2025-10-30",
    "currentPriceNumeric": 379.0,
    "oldPriceNumeric": 699.0,
    "storeName": "HOFER"
  },
  {
    "productName": "Gorenje Wäschetrockner",
    "category": "Home Appliances",
    "currentPrice": "459,00€",
    "oldPrice": "949,00€",
    "packageSize": "N/A",
    "unitPrice": "N/A",
    "discount": "N/A",
    "availabilityDateRange": "AB MO. 27.10.",
    "productHash": "gorenje_wäschetrocknernahome_appliances",
    "offerEndDate": "2025-10-30",
    "offerStartDate": "2025-10-30",
    "currentPriceNumeric": 459.0,
    "oldPriceNumeric": 949.0,
    "storeName": "HOFER"
  },
  {
    "productName": "Ceem Weintemperierschrank WC3000",
    "category": "Home Appliances",
    "currentPrice": "699,00€",
    "oldPrice": "899,00€",
    "packageSize": "N/A",
    "unitPrice": "N/A",
    "discount": "N/A",
    "availabilityDateRange": "AB MO. 27.10.",
    "productHash": "ceem_weintemperierschrank_wc3000nahome_appliances",
    "offerEndDate": "2025-10-30",
    "offerStartDate": "2025-10-30",
    "currentPriceNumeric": 699.0,
    "oldPriceNumeric": 899.0,
    "storeName": "HOFER"
  },
  {
    "productName": "ProBake Küchenmaschine + Küchenwaage",
    "category": "Home Appliances",
    "currentPrice": "779,00€",
    "oldPrice": "1.049,00€",
    "packageSize": "N/A",
    "unitPrice": "N/A",
    "discount": "N/A",
    "availabilityDateRange": "AB MO. 27.10.",
    "productHash": "probake_küchenmaschine_küchenwaagenahome_appliances",
    "offerEndDate": "2025-10-30",
    "offerStartDate": "2025-10-30",
    "currentPriceNumeric": 779.0,
    "oldPriceNumeric": null,
    "storeName": "HOFER"
  },
  {
    "productName": "Samsung Geschirrspüler voll integrierbar",
    "category": "Home Appliances",
    "currentPrice": "499,00€",
    "oldPrice": "799,00€",
    "packageSize": "N/A",
    "unitPrice": "N/A",
    "discount": "N/A",
    "availabilityDateRange": "AB MO. 27.10.",
    "productHash": "samsung_geschirrspüler_voll_integrierbarnahome_appliances",
    "offerEndDate": "2025-10-30",
    "offerStartDate": "2025-10-30",
    "currentPriceNumeric": 499.0,
    "oldPriceNumeric": 799.0,
    "storeName": "HOFER"
  },
  {
    "productName": "Ceem Gefrierschrank",
    "category": "Home Appliances",
    "currentPrice": "349,00€",
    "oldPrice": "499,00€",
    "packageSize": "N/A",
    "unitPrice": "N/A",
    "discount": "N/A",
    "availabilityDateRange": "AB MO. 27.10.",
    "productHash": "ceem_gefrierschranknahome_appliances",
    "offerEndDate": "2025-10-30",
    "offerStartDate": "2025-10-30",
    "currentPriceNumeric": 349.0,
    "oldPriceNumeric": 499.0,
    "storeName": "HOFER"
  },
  {
    "productName": "Puzzle mit 1.000 knickfesten Teilen",
    "category": "Toys",
    "currentPrice": "2,99€",
    "oldPrice": "N/A",
    "packageSize": "1000 Teile",
    "unitPrice": "N/A",
    "discount": "N/A",
    "availabilityDateRange": "AB DO. 30.10.",
    "productHash": "puzzle_mit_1000_knickfesten_teilen1000_teiletoys",
    "offerEndDate": "2025-10-30",
    "offerStartDate": "2025-10-30",
    "currentPriceNumeric": 2.99,
    "oldPriceNumeric": null,
    "storeName": "HOFER"
  },
  {
    "productName": "Home Creation Laternen Bastel-Set",
    "category": "Crafts",
    "currentPrice": "1,99€",
    "oldPrice": "N/A",
    "packageSize": "N/A",
    "unitPrice": "N/A",
    "discount": "N/A",
    "availabilityDateRange": "AB DO. 30.10.",
    "productHash": "home_creation_laternen_bastel_setnacrafts",
    "offerEndDate": "2025-10-30",
    "offerStartDate": "2025-10-30",
    "currentPriceNumeric": 1.99,
    "oldPriceNumeric": null,
    "storeName": "HOFER"
  },
  {
    "productName": "Igloo Books Colourmania",
    "category": "Books/Crafts",
    "currentPrice": "9,99€",
    "oldPrice": "N/A",
    "packageSize": "N/A",
    "unitPrice": "N/A",
    "discount": "N/A",
    "availabilityDateRange": "AB DO. 30.10.",
    "productHash": "igloo_books_colourmanianabookscrafts",
    "offerEndDate": "2025-10-30",
    "offerStartDate": "2025-10-30",
    "currentPriceNumeric": 9.99,
    "oldPriceNumeric": null,
    "storeName": "HOFER"
  },
  {
    "productName": "Katel Monster High Puppen",
    "category": "Dolls",
    "currentPrice": "14,99€",
    "oldPrice": "N/A",
    "packageSize": "N/A",
    "unitPrice": "N/A",
    "discount": "N/A",
    "availabilityDateRange": "AB DO. 30.10.",
    "productHash": "katel_monster_high_puppennadolls",
    "offerEndDate": "2025-10-30",
    "offerStartDate": "2025-10-30",
    "currentPriceNumeric": 14.99,
    "oldPriceNumeric": null,
    "storeName": "HOFER"
  },
  {
    "productName": "Fenster-, Leucht- & Tattoo-Stickerbuch",
    "category": "Books/Crafts",
    "currentPrice": "4,99€",
    "oldPrice": "N/A",
    "packageSize": "N/A",
    "unitPrice": "N/A",
    "discount": "N/A",
    "availabilityDateRange": "AB DO. 30.10.",
    "productHash": "fenster_leucht_tattoo_stickerbuchnabookscrafts",
    "offerEndDate": "2025-10-30",
    "offerStartDate": "2025-10-30",
    "currentPriceNumeric": 4.99,
    "oldPriceNumeric": null,
    "storeName": "HOFER"
  },
  {
    "productName": "Hylkies Sammelfiguren",
    "category": "Toys",
    "currentPrice": "7,99€",
    "oldPrice": "N/A",
    "packageSize": "N/A",
    "unitPrice": "N/A",
    "discount": "N/A",
    "availabilityDateRange": "AB DO. 30.10.",
    "productHash": "hylkies_sammelfigurennatoys",
    "offerEndDate": "2025-10-30",
    "offerStartDate": "2025-10-30",
    "currentPriceNumeric": 7.99,
    "oldPriceNumeric": null,
    "storeName": "HOFER"
  },
  {
    "productName": "Home Creation Glow in the Dark Sortiment",
    "category": "Home Decor/Kids",
    "currentPrice": "9,99€",
    "oldPrice": "N/A",
    "packageSize": "N/A",
    "unitPrice": "N/A",
    "discount": "N/A",
    "availabilityDateRange": "AB DO. 30.10.",
    "productHash": "home_creation_glow_in_the_dark_sortimentnahome_decorkids",
    "offerEndDate": "2025-10-30",
    "offerStartDate": "2025-10-30",
    "currentPriceNumeric": 9.99,
    "oldPriceNumeric": null,
    "storeName": "HOFER"
  },
  {
    "productName": "Wissensspaß Was ist Was",
    "category": "Books",
    "currentPrice": "2,49€",
    "oldPrice": "3,99€",
    "packageSize": "N/A",
    "unitPrice": "N/A",
    "discount": "-37%",
    "availabilityDateRange": "AB DO. 30.10.",
    "productHash": "wissensspaß_was_ist_wasnabooks",
    "offerEndDate": "2025-10-30",
    "offerStartDate": "2025-10-30",
    "currentPriceNumeric": 2.49,
    "oldPriceNumeric": 3.99,
    "storeName": "HOFER"
  },
  {
    "productName": "Ein Gutes Morgen beginnt mit... Lesebücher",
    "category": "Books",
    "currentPrice": "4,99€",
    "oldPrice": "N/A",
    "packageSize": "N/A",
    "unitPrice": "N/A",
    "discount": "N/A",
    "availabilityDateRange": "N/A",
    "productHash": "ein_gutes_morgen_beginnt_mit_lesebüchernabooks",
    "offerEndDate": "2025-10-30",
    "offerStartDate": "2025-10-30",
    "currentPriceNumeric": 4.99,
    "oldPriceNumeric": null,
    "storeName": "HOFER"
  },
  {
    "productName": "Ambiaano Elektrische Zahnbürste/Munddusche",
    "category": "Personal Care/Electronics",
    "currentPrice": "14,99€",
    "oldPrice": "N/A",
    "packageSize": "N/A",
    "unitPrice": "N/A",
    "discount": "N/A",
    "availabilityDateRange": "AB DO. 30.10.",
    "productHash": "ambiaano_elektrische_zahnbürstemundduschenapersonal_careelec",
    "offerEndDate": "2025-10-30",
    "offerStartDate": "2025-10-30",
    "currentPriceNumeric": 14.99,
    "oldPriceNumeric": null,
    "storeName": "HOFER"
  },
  {
    "productName": "Nottetess Frottierserie",
    "category": "Home Textiles",
    "currentPrice": "4,99€",
    "oldPrice": "N/A",
    "packageSize": "N/A",
    "unitPrice": "N/A",
    "discount": "N/A",
    "availabilityDateRange": "AB DO. 30.10.",
    "productHash": "nottetess_frottierserienahome_textiles",
    "offerEndDate": "2025-10-30",
    "offerStartDate": "2025-10-30",
    "currentPriceNumeric": 4.99,
    "oldPriceNumeric": null,
    "storeName": "HOFER"
  },
  {
    "productName": "Dettol No-Touch Nachfüller, Doppelpkg.",
    "category": "Personal Care",
    "currentPrice": "6,49€",
    "oldPrice": "8,99€",
    "packageSize": "2 x 250 ml",
    "unitPrice": "1,30€/100 ml",
    "discount": "N/A",
    "availabilityDateRange": "AB DO. 30.10.",
    "productHash": "dettol_no_touch_nachfüller_doppelpkg2_x_250_mlpersonal_care",
    "offerEndDate": "2025-10-30",
    "offerStartDate": "2025-10-30",
    "currentPriceNumeric": 6.49,
    "oldPriceNumeric": 8.99,
    "storeName": "HOFER"
  },
  {
    "productName": "Tena Hygiene Pants",
    "category": "Personal Care",
    "currentPrice": "9,99€",
    "oldPrice": "N/A",
    "packageSize": "9 Stk./8 Stk.",
    "unitPrice": "1,11€/1,25€/Stück",
    "discount": "N/A",
    "availabilityDateRange": "AB DO. 30.10.",
    "productHash": "tena_hygiene_pants9_stk8_stkpersonal_care",
    "offerEndDate": "2025-10-30",
    "offerStartDate": "2025-10-30",
    "currentPriceNumeric": 9.99,
    "oldPriceNumeric": null,
    "storeName": "HOFER"
  },
  {
    "productName": "Ambiaano Shiatsu Massage Sortiment",
    "category": "Health & Wellness",
    "currentPrice": "29,99€",
    "oldPrice": "N/A",
    "packageSize": "N/A",
    "unitPrice": "N/A",
    "discount": "N/A",
    "availabilityDateRange": "AB DO. 30.10.",
    "productHash": "ambiaano_shiatsu_massage_sortimentnahealth_wellness",
    "offerEndDate": "2025-10-30",
    "offerStartDate": "2025-10-30",
    "currentPriceNumeric": 29.99,
    "oldPriceNumeric": null,
    "storeName": "HOFER"
  },
  {
    "productName": "Always Slipeinlagen Gigapack",
    "category": "Personal Care",
    "currentPrice": "3,59€",
    "oldPrice": "N/A",
    "packageSize": "N/A",
    "unitPrice": "0,05€/0,06€/0,07€/Stück",
    "discount": "N/A",
    "availabilityDateRange": "AB DO. 30.10.",
    "productHash": "always_slipeinlagen_gigapacknapersonal_care",
    "offerEndDate": "2025-10-30",
    "offerStartDate": "2025-10-30",
    "currentPriceNumeric": 3.59,
    "oldPriceNumeric": null,
    "storeName": "HOFER"
  },
  {
    "productName": "Ambiaano Elektrischer Rasierer",
    "category": "Personal Care/Electronics",
    "currentPrice": "14,99€",
    "oldPrice": "N/A",
    "packageSize": "N/A",
    "unitPrice": "N/A",
    "discount": "N/A",
    "availabilityDateRange": "AB DO. 30.10.",
    "productHash": "ambiaano_elektrischer_rasierernapersonal_careelectronics",
    "offerEndDate": "2025-10-30",
    "offerStartDate": "2025-10-30",
    "currentPriceNumeric": 14.99,
    "oldPriceNumeric": null,
    "storeName": "HOFER"
  },
  {
    "productName": "Glem Vital XXL Shampoo (750 ml)",
    "category": "Hair Care",
    "currentPrice": "3,99€",
    "oldPrice": "N/A",
    "packageSize": "750 ml",
    "unitPrice": "0,53€/100 ml",
    "discount": "N/A",
    "availabilityDateRange": "AB DO. 30.10.",
    "productHash": "glem_vital_xxl_shampoo_750_ml750_mlhair_care",
    "offerEndDate": "2025-10-30",
    "offerStartDate": "2025-10-30",
    "currentPriceNumeric": 3.99,
    "oldPriceNumeric": null,
    "storeName": "HOFER"
  },
  {
    "productName": "Home Creation Design Brause-Set",
    "category": "Bathroom Appliances",
    "currentPrice": "6,99€",
    "oldPrice": "N/A",
    "packageSize": "N/A",
    "unitPrice": "N/A",
    "discount": "N/A",
    "availabilityDateRange": "AB DO. 30.10.",
    "productHash": "home_creation_design_brause_setnabathroom_appliances",
    "offerEndDate": "2025-10-30",
    "offerStartDate": "2025-10-30",
    "currentPriceNumeric": 6.99,
    "oldPriceNumeric": null,
    "storeName": "HOFER"
  },
  {
    "productName": "Taft Haarlack",
    "category": "Hair Care",
    "currentPrice": "3,99€",
    "oldPrice": "4,49€",
    "packageSize": "400 ml",
    "unitPrice": "1,00€/100 ml",
    "discount": "N/A",
    "availabilityDateRange": "AB DO. 30.10.",
    "productHash": "taft_haarlack400_mlhair_care",
    "offerEndDate": "2025-10-30",
    "offerStartDate": "2025-10-30",
    "currentPriceNumeric": 3.99,
    "oldPriceNumeric": 4.49,
    "storeName": "HOFER"
  },
  {
    "productName": "Lenor Weichspüler (82 Waschgänge)",
    "category": "Laundry Detergent",
    "currentPrice": "4,99€",
    "oldPrice": "N/A",
    "packageSize": "82 Waschgänge",
    "unitPrice": "0,06€/Waschgang",
    "discount": "N/A",
    "availabilityDateRange": "AB DO. 30.10.",
    "productHash": "lenor_weichspüler_82_waschgänge82_waschgängelaundry_detergen",
    "offerEndDate": "2025-10-30",
    "offerStartDate": "2025-10-30",
    "currentPriceNumeric": 4.99,
    "oldPriceNumeric": null,
    "storeName": "HOFER"
  },
  {
    "productName": "Weißer Riese Waschmittel",
    "category": "Laundry Detergent",
    "currentPrice": "15,99€",
    "oldPrice": "23,99€",
    "packageSize": "80 Waschgänge",
    "unitPrice": "0,18€/0,20€/Wg",
    "discount": "N/A",
    "availabilityDateRange": "AB DO. 30.10.",
    "productHash": "weißer_riese_waschmittel80_waschgängelaundry_detergent",
    "offerEndDate": "2025-10-30",
    "offerStartDate": "2025-10-30",
    "currentPriceNumeric": 15.99,
    "oldPriceNumeric": 23.99,
    "storeName": "HOFER"
  },
  {
    "productName": "Tandil Waschmittel Blätter",
    "category": "Laundry Detergent",
    "currentPrice": "3,99€",
    "oldPrice": "N/A",
    "packageSize": "30 Waschgänge",
    "unitPrice": "0,13€/Waschgang",
    "discount": "N/A",
    "availabilityDateRange": "AB DO. 30.10.",
    "productHash": "tandil_waschmittel_blätter30_waschgängelaundry_detergent",
    "offerEndDate": "2025-10-30",
    "offerStartDate": "2025-10-30",
    "currentPriceNumeric": 3.99,
    "oldPriceNumeric": null,
    "storeName": "HOFER"
  },
  {
    "productName": "Active Med Sterile Pflaster",
    "category": "Health Supplies",
    "currentPrice": "2,49€",
    "oldPrice": "N/A",
    "packageSize": "15 Stk.",
    "unitPrice": "N/A",
    "discount": "N/A",
    "availabilityDateRange": "AB DO. 30.10.",
    "productHash": "active_med_sterile_pflaster15_stkhealth_supplies",
    "offerEndDate": "2025-10-30",
    "offerStartDate": "2025-10-30",
    "currentPriceNumeric": 2.49,
    "oldPriceNumeric": null,
    "storeName": "HOFER"
  },
  {
    "productName": "Active Med Meerwasser Spray",
    "category": "Health Supplies",
    "currentPrice": "1,45€",
    "oldPrice": "N/A",
    "packageSize": "N/A",
    "unitPrice": "N/A",
    "discount": "N/A",
    "availabilityDateRange": "AB DO. 30.10.",
    "productHash": "active_med_meerwasser_spraynahealth_supplies",
    "offerEndDate": "2025-10-30",
    "offerStartDate": "2025-10-30",
    "currentPriceNumeric": 1.45,
    "oldPriceNumeric": null,
    "storeName": "HOFER"
  },
  {
    "productName": "Softis Toilettenpapier",
    "category": "Paper Products",
    "currentPrice": "6,49€",
    "oldPrice": "N/A",
    "packageSize": "10 x 100 Blatt",
    "unitPrice": "N/A",
    "discount": "N/A",
    "availabilityDateRange": "AB DO. 30.10.",
    "productHash": "softis_toilettenpapier10_x_100_blattpaper_products",
    "offerEndDate": "2025-10-30",
    "offerStartDate": "2025-10-30",
    "currentPriceNumeric": 6.49,
    "oldPriceNumeric": null,
    "storeName": "HOFER"
  },
  {
    "productName": "Gardenline Grünsabfallsack",
    "category": "Garden Supplies",
    "currentPrice": "3,99€",
    "oldPrice": "N/A",
    "packageSize": "N/A",
    "unitPrice": "N/A",
    "discount": "N/A",
    "availabilityDateRange": "AB DO. 30.10.",
    "productHash": "gardenline_grünsabfallsacknagarden_supplies",
    "offerEndDate": "2025-10-30",
    "offerStartDate": "2025-10-30",
    "currentPriceNumeric": 3.99,
    "oldPriceNumeric": null,
    "storeName": "HOFER"
  },
  {
    "productName": "Lufterfrischer-Grünpflanze (12cm Topf)",
    "category": "Plants",
    "currentPrice": "2,99€",
    "oldPrice": "N/A",
    "packageSize": "12-cm-Topf",
    "unitPrice": "N/A",
    "discount": "N/A",
    "availabilityDateRange": "AB DO. 30.10.",
    "productHash": "lufterfrischer_grünpflanze_12cm_topf12_cm_topfplants",
    "offerEndDate": "2025-10-30",
    "offerStartDate": "2025-10-30",
    "currentPriceNumeric": 2.99,
    "oldPriceNumeric": null,
    "storeName": "HOFER"
  },
  {
    "productName": "Lufterfrischer-Grünpflanze (Monstera, 21cm Topf)",
    "category": "Plants",
    "currentPrice": "12,99€",
    "oldPrice": "N/A",
    "packageSize": "21-cm-Topf",
    "unitPrice": "N/A",
    "discount": "N/A",
    "availabilityDateRange": "AB DO. 30.10.",
    "productHash": "lufterfrischer_grünpflanze_monstera_21cm_topf21_cm_topfplant",
    "offerEndDate": "2025-10-30",
    "offerStartDate": "2025-10-30",
    "currentPriceNumeric": 12.99,
    "oldPriceNumeric": null,
    "storeName": "HOFER"
  },
  {
    "productName": "Gardenline Winterschutz Kokosscheiben",
    "category": "Garden Supplies",
    "currentPrice": "1,49€",
    "oldPrice": "2,99€",
    "packageSize": "N/A",
    "unitPrice": "N/A",
    "discount": "-50%",
    "availabilityDateRange": "AB DO. 30.10.",
    "productHash": "gardenline_winterschutz_kokosscheibennagarden_supplies",
    "offerEndDate": "2025-10-30",
    "offerStartDate": "2025-10-30",
    "currentPriceNumeric": 1.49,
    "oldPriceNumeric": 2.99,
    "storeName": "HOFER"
  },
  {
    "productName": "Chrysanthemen",
    "category": "Plants",
    "currentPrice": "3,79€",
    "oldPrice": "N/A",
    "packageSize": "N/A",
    "unitPrice": "N/A",
    "discount": "N/A",
    "availabilityDateRange": "AB DO. 30.10.",
    "productHash": "chrysanthemennaplants",
    "offerEndDate": "2025-10-30",
    "offerStartDate": "2025-10-30",
    "currentPriceNumeric": 3.79,
    "oldPriceNumeric": null,
    "storeName": "HOFER"
  },
  {
    "productName": "Amaryllis",
    "category": "Plants",
    "currentPrice": "3,49€",
    "oldPrice": "N/A",
    "packageSize": "im 13-cm-Topf",
    "unitPrice": "N/A",
    "discount": "N/A",
    "availabilityDateRange": "AB DO. 30.10.",
    "productHash": "amaryllisim_13_cm_topfplants",
    "offerEndDate": "2025-10-30",
    "offerStartDate": "2025-10-30",
    "currentPriceNumeric": 3.49,
    "oldPriceNumeric": null,
    "storeName": "HOFER"
  },
  {
    "productName": "Wachs-Amaryllis",
    "category": "Plants",
    "currentPrice": "5,99€",
    "oldPrice": "N/A",
    "packageSize": "N/A",
    "unitPrice": "N/A",
    "discount": "N/A",
    "availabilityDateRange": "AB DO. 30.10.",
    "productHash": "wachs_amaryllisnaplants",
    "offerEndDate": "2025-10-30",
    "offerStartDate": "2025-10-30",
    "currentPriceNumeric": 5.99,
    "oldPriceNumeric": null,
    "storeName": "HOFER"
  },
  {
    "productName": "LG UHD AI 4K Smart TV",
    "category": "Electronics",
    "currentPrice": "333,00€",
    "oldPrice": "629,00€",
    "packageSize": "127 cm (50\")",
    "unitPrice": "N/A",
    "discount": "N/A",
    "availabilityDateRange": "AB DO. 30.10.",
    "productHash": "lg_uhd_ai_4k_smart_tv127_cm_50electronics",
    "offerEndDate": "2025-10-30",
    "offerStartDate": "2025-10-30",
    "currentPriceNumeric": 333.0,
    "oldPriceNumeric": 629.0,
    "storeName": "HOFER"
  },
  {
    "productName": "Vivo Y19S Smartphone",
    "category": "Electronics",
    "currentPrice": "129,00€",
    "oldPrice": "N/A",
    "packageSize": "N/A",
    "unitPrice": "N/A",
    "discount": "N/A",
    "availabilityDateRange": "AB DO. 30.10.",
    "productHash": "vivo_y19s_smartphonenaelectronics",
    "offerEndDate": "2025-10-30",
    "offerStartDate": "2025-10-30",
    "currentPriceNumeric": 129.0,
    "oldPriceNumeric": null,
    "storeName": "HOFER"
  },
  {
    "productName": "Hama Smartphone-Zubehör",
    "category": "Electronics",
    "currentPrice": "6,99€",
    "oldPrice": "N/A",
    "packageSize": "N/A",
    "unitPrice": "N/A",
    "discount": "N/A",
    "availabilityDateRange": "AB DO. 30.10.",
    "productHash": "hama_smartphone_zubehörnaelectronics",
    "offerEndDate": "2025-10-30",
    "offerStartDate": "2025-10-30",
    "currentPriceNumeric": 6.99,
    "oldPriceNumeric": null,
    "storeName": "HOFER"
  },
  {
    "productName": "B.E.A. Fon Smartwatch 11S",
    "category": "Electronics",
    "currentPrice": "17,99€",
    "oldPrice": "39,95€",
    "packageSize": "N/A",
    "unitPrice": "N/A",
    "discount": "N/A",
    "availabilityDateRange": "AB DO. 30.10.",
    "productHash": "bea_fon_smartwatch_11snaelectronics",
    "offerEndDate": "2025-10-30",
    "offerStartDate": "2025-10-30",
    "currentPriceNumeric": 17.99,
    "oldPriceNumeric": 39.95,
    "storeName": "HOFER"
  },
  {
    "productName": "Kopfhörer",
    "category": "Electronics",
    "currentPrice": "14,99€",
    "oldPrice": "N/A",
    "packageSize": "N/A",
    "unitPrice": "N/A",
    "discount": "N/A",
    "availabilityDateRange": "AB DO. 30.10.",
    "productHash": "kopfhörernaelectronics",
    "offerEndDate": "2025-10-30",
    "offerStartDate": "2025-10-30",
    "currentPriceNumeric": 14.99,
    "oldPriceNumeric": null,
    "storeName": "HOFER"
  },
  {
    "productName": "Maginon Smart „Tags Pro II“",
    "category": "Electronics",
    "currentPrice": "17,99€",
    "oldPrice": "N/A",
    "packageSize": "N/A",
    "unitPrice": "N/A",
    "discount": "N/A",
    "availabilityDateRange": "AB DO. 30.10.",
    "productHash": "maginon_smart_tags_pro_iinaelectronics",
    "offerEndDate": "2025-10-30",
    "offerStartDate": "2025-10-30",
    "currentPriceNumeric": 17.99,
    "oldPriceNumeric": null,
    "storeName": "HOFER"
  },
  {
    "productName": "Casalux Schreibtischleuchte",
    "category": "Home Appliances",
    "currentPrice": "4,99€",
    "oldPrice": "9,99€",
    "packageSize": "N/A",
    "unitPrice": "N/A",
    "discount": "-50%",
    "availabilityDateRange": "AB DO. 30.10.",
    "productHash": "casalux_schreibtischleuchtenahome_appliances",
    "offerEndDate": "2025-10-30",
    "offerStartDate": "2025-10-30",
    "currentPriceNumeric": 4.99,
    "oldPriceNumeric": 9.99,
    "storeName": "HOFER"
  },
  {
    "productName": "HOT WLAN-Router Cat 12 (R312)",
    "category": "Electronics/Internet",
    "currentPrice": "79,99€",
    "oldPrice": "N/A",
    "packageSize": "N/A",
    "unitPrice": "N/A",
    "discount": "N/A",
    "availabilityDateRange": "N/A",
    "productHash": "hot_wlan_router_cat_12_r312naelectronicsinternet",
    "offerEndDate": "2025-10-30",
    "offerStartDate": "2025-10-30",
    "currentPriceNumeric": 79.99,
    "oldPriceNumeric": null,
    "storeName": "HOFER"
  },
  {
    "productName": "Kratz und Glitzer",
    "category": "Crafts",
    "currentPrice": "1,99€",
    "oldPrice": "4,99€",
    "packageSize": "N/A",
    "unitPrice": "N/A",
    "discount": "-60%",
    "availabilityDateRange": "AB DO. 30.10.",
    "productHash": "kratz_und_glitzernacrafts",
    "offerEndDate": "2025-10-30",
    "offerStartDate": "2025-10-30",
    "currentPriceNumeric": 1.99,
    "oldPriceNumeric": 4.99,
    "storeName": "HOFER"
  },
  {
    "productName": "Kinder-Puzzle",
    "category": "Toys",
    "currentPrice": "1,99€",
    "oldPrice": "3,99€",
    "packageSize": "N/A",
    "unitPrice": "N/A",
    "discount": "-50%",
    "availabilityDateRange": "AB DO. 30.10.",
    "productHash": "kinder_puzzlenatoys",
    "offerEndDate": "2025-10-30",
    "offerStartDate": "2025-10-30",
    "currentPriceNumeric": 1.99,
    "oldPriceNumeric": 3.99,
    "storeName": "HOFER"
  },
  {
    "productName": "Disney / Simba Plüschfiguren",
    "category": "Toys",
    "currentPrice": "6,99€",
    "oldPrice": "9,99€",
    "packageSize": "N/A",
    "unitPrice": "N/A",
    "discount": "-30%",
    "availabilityDateRange": "AB DO. 30.10.",
    "productHash": "disney_simba_plüschfigurennatoys",
    "offerEndDate": "2025-10-30",
    "offerStartDate": "2025-10-30",
    "currentPriceNumeric": 6.99,
    "oldPriceNumeric": 9.99,
    "storeName": "HOFER"
  },
  {
    "productHash": "b6f5b0db138a0c3910bda1ec0cbacb3a56e52aa7",
    "productName": "Bananen",
    "currentPrice": "€0.99",
    "originalPrice": "€1.79",
    "discount": "45% OFF",
    "unitMeasure": "kg",
    "category": "ESSEN & TRINKEN",
    "productUrl": "https://www.lidl.at/p/bananen/p10039871",
    "storeName": "LIDL"
  },
  {
    "productHash": "45929d49db4c24df8ee65f75797e742fbf5f9abd",
    "productName": "Bananen",
    "currentPrice": "€1.11",
    "originalPrice": "€1.79",
    "discount": "38% OFF",
    "unitMeasure": "kg",
    "category": "ESSEN & TRINKEN",
    "productUrl": "https://www.lidl.at/p/bananen/p10039872",
    "storeName": "LIDL"
  },
  {
    "productHash": "2d25efcddd2468021528665648fc57e14d444d93",
    "productName": "Kohlsprossen",
    "currentPrice": "€0.99",
    "originalPrice": "€1.49",
    "discount": "34% OFF",
    "unitMeasure": "500 g (1 kg = 1.98)",
    "category": "ESSEN & TRINKEN",
    "productUrl": "https://www.lidl.at/p/kohlsprossen/p10039873",
    "storeName": "LIDL"
  },
  {
    "productHash": "9fbc5643bbd6121a096c74523b0bfbc973ca937f",
    "productName": "Cherrystrauchtomaten aus Österreich",
    "currentPrice": "€2.29",
    "originalPrice": "€2.99",
    "discount": "23% OFF",
    "unitMeasure": "300 g (1 kg = 7.63)",
    "category": "ESSEN & TRINKEN",
    "productUrl": "https://www.lidl.at/p/cherrystrauchtomaten-aus-oesterreich/p10039874",
    "storeName": "LIDL"
  },
  {
    "productHash": "06b3f2eb84d2a431d42bc11df253cc12c1d5125c",
    "productName": "Grapefruit",
    "currentPrice": "€0.44",
    "originalPrice": "€N/A",
    "discount": "N/A",
    "unitMeasure": "Ab 2 Stück je Stk.",
    "category": "ESSEN & TRINKEN",
    "productUrl": "https://www.lidl.at/p/grapefruit/p10039875",
    "storeName": "LIDL"
  },
  {
    "productHash": "e0c466db590d6cfc15cced663ca7c233b11c68c0",
    "productName": "Halloween Donut",
    "currentPrice": "€0.69",
    "originalPrice": "€N/A",
    "discount": "N/A",
    "unitMeasure": "Stück",
    "category": "ESSEN & TRINKEN",
    "productUrl": "https://www.lidl.at/p/dots-halloween-donut/p10039876",
    "storeName": "LIDL"
  },
  {
    "productHash": "903266915de3b9d6b014d2768bc163e53ec756f1",
    "productName": "Krustenlaib",
    "currentPrice": "€1.29",
    "originalPrice": "€N/A",
    "discount": "N/A",
    "unitMeasure": "500 g (1 kg = 2.58)",
    "category": "ESSEN & TRINKEN",
    "productUrl": "https://www.lidl.at/p/krustenlaib/p10039877",
    "storeName": "LIDL"
  },
  {
    "productHash": "abf1571fc8b11457bba9699b9e8df59709154def",
    "productName": "Krustenlaib",
    "currentPrice": "€1.89",
    "originalPrice": "€N/A",
    "discount": "N/A",
    "unitMeasure": "500 g (1 kg = 3.78)",
    "category": "ESSEN & TRINKEN",
    "productUrl": "https://www.lidl.at/p/krustenlaib/p10039878",
    "storeName": "LIDL"
  },
  {
    "productHash": "e91907097d425cb12adfde4ebe3436f57662cb4c",
    "productName": "Kürbiskernweckerl",
    "currentPrice": "€0.46",
    "originalPrice": "€N/A",
    "discount": "N/A",
    "unitMeasure": "Ab 3 Stk. je Stk.",
    "category": "ESSEN & TRINKEN",
    "productUrl": "https://www.lidl.at/p/kuerbiskernweckerl/p10039879",
    "storeName": "LIDL"
  },
  {
    "productHash": "65beec3320cc8a268e32890d07cf0bd8ac56df28",
    "productName": "Frische Maishendl Leber",
    "currentPrice": "€2.49",
    "originalPrice": "€3.69",
    "discount": "33% OFF",
    "unitMeasure": "370 g (1 kg = 6.73)",
    "category": "ESSEN & TRINKEN",
    "productUrl": "https://www.lidl.at/p/wiesentaler-frische-maishendl-leber/p10039880",
    "storeName": "LIDL"
  },
  {
    "productHash": "b736407943a88ff54ba714bf762f93d9f8c274e0",
    "productName": "Frischer Puten Rollbraten",
    "currentPrice": "€6.39",
    "originalPrice": "€N/A",
    "discount": "N/A",
    "unitMeasure": "1 kg",
    "category": "ESSEN & TRINKEN",
    "productUrl": "https://www.lidl.at/p/wiesentaler-frischer-puten-rollbraten/p10039881",
    "storeName": "LIDL"
  },
  {
    "productHash": "1434b78a005eb16ef2a01d607734d64c48e54d57",
    "productName": "Frischer Schopfbraten",
    "currentPrice": "€7.99",
    "originalPrice": "€N/A",
    "discount": "N/A",
    "unitMeasure": "1,2 kg (1 kg = 6.66)",
    "category": "ESSEN & TRINKEN",
    "productUrl": "https://www.lidl.at/p/frischer-schopfbraten/p10039882",
    "storeName": "LIDL"
  },
  {
    "productHash": "d9bcfb9ba511432628a73dd5642a92249adc4134",
    "productName": "Frisches Rindsgulaschfleisch",
    "currentPrice": "€11.99",
    "originalPrice": "€N/A",
    "discount": "N/A",
    "unitMeasure": "1 kg",
    "category": "ESSEN & TRINKEN",
    "productUrl": "https://www.lidl.at/p/frisches-rindsgulaschfleisch/p10039883",
    "storeName": "LIDL"
  },
  {
    "productHash": "768b2dc64c43efb5a2d427db63e380ec9b064ee2",
    "productName": "Frischer Ofenlachs mariniert",
    "currentPrice": "€4.99",
    "originalPrice": "€5.99",
    "discount": "17% OFF",
    "unitMeasure": "250 g (1 kg = 19.96)",
    "category": "ESSEN & TRINKEN",
    "productUrl": "https://www.lidl.at/p/fischerstolz-frischer-ofenlachs-mariniert/p10039884",
    "storeName": "LIDL"
  },
  {
    "productHash": "06838a2237493e56038f70272f779593f88b0a37",
    "productName": "XXL Toastschinken",
    "currentPrice": "€2.79",
    "originalPrice": "€N/A",
    "discount": "N/A",
    "unitMeasure": "300 g (1 kg = 9.30)",
    "category": "ESSEN & TRINKEN",
    "productUrl": "https://www.lidl.at/p/wiesentaler-xxl-toastschinken/p10039885",
    "storeName": "LIDL"
  },
  {
    "productHash": "30669ab63a51f23fdf1bd8a3d954d7e6132d0270",
    "productName": "XXL Berner Würstel",
    "currentPrice": "€4.49",
    "originalPrice": "€N/A",
    "discount": "N/A",
    "unitMeasure": "600 g (1 kg = 7.48)",
    "category": "ESSEN & TRINKEN",
    "productUrl": "https://www.lidl.at/p/wiesentaler-xxl-berner-wuerstel/p10039886",
    "storeName": "LIDL"
  },
  {
    "productHash": "86a9f74ca5bf82f1f0ff0b7887e78cd089fcda7d",
    "productName": "Puten Aufschnitt",
    "currentPrice": "€3.49",
    "originalPrice": "€N/A",
    "discount": "N/A",
    "unitMeasure": "300 g (1 kg = 11.63)",
    "category": "ESSEN & TRINKEN",
    "productUrl": "https://www.lidl.at/p/dulano-puten-aufschnitt/p10039887",
    "storeName": "LIDL"
  },
  {
    "productHash": "291f97533a09192160aef0eae09c6beebc014dd6",
    "productName": "Kaiserfleisch",
    "currentPrice": "€7.99",
    "originalPrice": "€N/A",
    "discount": "N/A",
    "unitMeasure": "Z.B. je 600 g (1 kg = 13.32)",
    "category": "ESSEN & TRINKEN",
    "productUrl": "https://www.lidl.at/p/alpenfest-kaiserfleisch/p10039888",
    "storeName": "LIDL"
  },
  {
    "productHash": "cc2bb0fda9a11abf49d96fabeac7df93f733db4f",
    "productName": "Schmelzkäsescheiben",
    "currentPrice": "€1.79",
    "originalPrice": "€2.19",
    "discount": "18% OFF",
    "unitMeasure": "250 g (1 kg = 7.16)",
    "category": "ESSEN & TRINKEN",
    "productUrl": "https://www.lidl.at/p/milbona-schmelzkaesescheiben/p10039889",
    "storeName": "LIDL"
  },
  {
    "productHash": "41f1b0968bb7fce461ef3386a39835dac36bab18",
    "productName": "Sirius Camembert",
    "currentPrice": "€2.99",
    "originalPrice": "€N/A",
    "discount": "N/A",
    "unitMeasure": "300 g (1 kg = 9.97)",
    "category": "ESSEN & TRINKEN",
    "productUrl": "https://www.lidl.at/p/schaerdinger-sirius-camembert/p10039890",
    "storeName": "LIDL"
  },
  {
    "productHash": "4f34d9d9f0ce790211b7129c9ee37b063bd75f6b",
    "productName": "Landbaron in Scheiben",
    "currentPrice": "€7.29",
    "originalPrice": "€N/A",
    "discount": "N/A",
    "unitMeasure": "800 g (1 kg = 9.11)",
    "category": "ESSEN & TRINKEN",
    "productUrl": "https://www.lidl.at/p/alpengut-landbaron-in-scheiben/p10039891",
    "storeName": "LIDL"
  },
  {
    "productHash": "296973a52226c4c515804baeaed762856735c6ca",
    "productName": "Cabanossi",
    "currentPrice": "€2.79",
    "originalPrice": "€3.49",
    "discount": "20% OFF",
    "unitMeasure": "300 g (1 kg = 9.30)",
    "category": "ESSEN & TRINKEN",
    "productUrl": "https://www.lidl.at/p/wiesentaler-cabanossi/p10039892",
    "storeName": "LIDL"
  },
  {
    "productHash": "54fcf6a94edd93b7f020a70873fa0716e986f93a",
    "productName": "Frischer Blätterteig",
    "currentPrice": "€0.79",
    "originalPrice": "€-.99",
    "discount": "N/A",
    "unitMeasure": "Ab 2 Stk. je 275 g (1 kg = 2.87)",
    "category": "ESSEN & TRINKEN",
    "productUrl": "https://www.lidl.at/p/chef-select-frischer-blaetterteig/p10039893",
    "storeName": "LIDL"
  },
  {
    "productHash": "d20585b23488446f1f9d1d9a050df25a266304f9",
    "productName": "Müllermilch",
    "currentPrice": "€0.99",
    "originalPrice": "€N/A",
    "discount": "N/A",
    "unitMeasure": "400 ml (1 l = 2.48)",
    "category": "ESSEN & TRINKEN",
    "productUrl": "https://www.lidl.at/p/mueller-muellermilch/p10039894",
    "storeName": "LIDL"
  },
  {
    "productHash": "b3d8602175710316fb436d20b9c632f28305454c",
    "productName": "Café to Go",
    "currentPrice": "€0.89",
    "originalPrice": "€N/A",
    "discount": "N/A",
    "unitMeasure": "250 ml (1 l = 3.56)",
    "category": "ESSEN & TRINKEN",
    "productUrl": "https://www.lidl.at/p/noem-cafe-to-go/p10039895",
    "storeName": "LIDL"
  },
  {
    "productHash": "b661f97bf19516b35982d0c3242f1c6964dad5f7",
    "productName": "Knusperjoghurt 2 Kammern",
    "currentPrice": "€0.46",
    "originalPrice": "€N/A",
    "discount": "N/A",
    "unitMeasure": "Ab 3 Becher je 175 g (1 kg = 2.63)",
    "category": "ESSEN & TRINKEN",
    "productUrl": "https://www.lidl.at/p/milbona-knusperjoghurt-2-kammern/p10039896",
    "storeName": "LIDL"
  },
  {
    "productHash": "10d22d68405918383c210e48ffdd38d0c11cc877",
    "productName": "Naturjoghurt",
    "currentPrice": "€0.99",
    "originalPrice": "€1.19",
    "discount": "17% OFF",
    "unitMeasure": "4x 150 g (1 kg = 1.65 )",
    "category": "ESSEN & TRINKEN",
    "productUrl": "https://www.lidl.at/p/milbona-naturjoghurt/p10039897",
    "storeName": "LIDL"
  },
  {
    "productHash": "d83286556eef62464cd941b3e5c845e6fdd4194a",
    "productName": "Bergkäse",
    "currentPrice": "€8.99",
    "originalPrice": "€N/A",
    "discount": "N/A",
    "unitMeasure": "600 g (1 kg = 14.98)",
    "category": "ESSEN & TRINKEN",
    "productUrl": "https://www.lidl.at/p/walserstolz-bergkaese/p10039898",
    "storeName": "LIDL"
  },
  {
    "productHash": "409ba15370da2229de8d0f4c25dcc3b27155554f",
    "productName": "Ofenkäse",
    "currentPrice": "€4.99",
    "originalPrice": "€N/A",
    "discount": "N/A",
    "unitMeasure": "320 g (1 kg = 15.59)",
    "category": "ESSEN & TRINKEN",
    "productUrl": "https://www.lidl.at/p/rougette-ofenkaese/p10039899",
    "storeName": "LIDL"
  },
  {
    "productHash": "cdcd847bd905ce2f6a0377572d17a1e0617e81a6",
    "productName": "Kefir natur",
    "currentPrice": "€0.79",
    "originalPrice": "€-.99",
    "discount": "N/A",
    "unitMeasure": "Ab 2 Stk. je 500 g (1 kg = 1.58)",
    "category": "ESSEN & TRINKEN",
    "productUrl": "https://www.lidl.at/p/alpengut-kefir-natur/p10039900",
    "storeName": "LIDL"
  },
  {
    "productHash": "a252309a893a51f294f4c698c19371080b382a3c",
    "productName": "Steinofen Flammkuchen/Pizza",
    "currentPrice": "€4.99",
    "originalPrice": "€N/A",
    "discount": "N/A",
    "unitMeasure": "600/700 g (1 kg = 8.32/7.13)",
    "category": "ESSEN & TRINKEN",
    "productUrl": "https://www.lidl.at/p/original-wagner-steinofen-flammkuchen-pizza/p10039901",
    "storeName": "LIDL"
  },
  {
    "productHash": "db6911b82614d7c9144f13d22f5700a892d7e2d1",
    "productName": "Bio Eier",
    "currentPrice": "€4.49",
    "originalPrice": "€N/A",
    "discount": "N/A",
    "unitMeasure": "12 Stück (1 Stk. = 0.37)",
    "category": "ESSEN & TRINKEN",
    "productUrl": "https://www.lidl.at/p/ein-gutes-stueck-heimat-bio-eier/p10039902",
    "storeName": "LIDL"
  },
  {
    "productHash": "36632ffe88158ce1346a859dfbda62f675dc2a1a",
    "productName": "Kaffee Gold im Geschenk-set",
    "currentPrice": "€6.99",
    "originalPrice": "€N/A",
    "discount": "N/A",
    "unitMeasure": "500 g (1 kg = 13.98)",
    "category": "ESSEN & TRINKEN",
    "productUrl": "https://www.lidl.at/p/grand-kaffee-gold-im-geschenk-set/p10039903",
    "storeName": "LIDL"
  },
  {
    "productHash": "66981610969688a5032f88ab2c08d3b333a90af7",
    "productName": "Classic",
    "currentPrice": "€6.99",
    "originalPrice": "€13.49",
    "discount": "48% OFF",
    "unitMeasure": "200 g (1 kg = 34.95)",
    "category": "ESSEN & TRINKEN",
    "productUrl": "https://www.lidl.at/p/nescafe-classic/p10039904",
    "storeName": "LIDL"
  },
  {
    "productHash": "417943f89dcde536b7ac96f6daddb61589b2bc4e",
    "productName": "Birnen in Traubensaft",
    "currentPrice": "€1.66",
    "originalPrice": "€N/A",
    "discount": "N/A",
    "unitMeasure": "Ab 12 Dosen je 850 ml (1 l = 1.95)",
    "category": "ESSEN & TRINKEN",
    "productUrl": "https://www.lidl.at/p/freshona-birnen-in-traubensaft/p10039905",
    "storeName": "LIDL"
  },
  {
    "productHash": "b248fa6a360ab3143a340fb79e6eb2e922991b61",
    "productName": "Milch Kakao",
    "currentPrice": "€0.99",
    "originalPrice": "€N/A",
    "discount": "N/A",
    "unitMeasure": "3x 200 ml (1 l = 1.65)",
    "category": "ESSEN & TRINKEN",
    "productUrl": "https://www.lidl.at/p/gmundner-milch-kakao/p10039906",
    "storeName": "LIDL"
  },
  {
    "productHash": "landbrot-100-dinkel",
    "productName": "Landbrot 100% Dinkel",
    "currentPrice": "€3.19",
    "originalPrice": "€3.99",
    "discount": "20% OFF",
    "unitMeasure": "450 g (1 kg = 7.09)",
    "category": "Bread & Bakery (Brot & Gebäck)",
    "productUrl": "https://www.lidl.at/p/oelz-landbrot-100-dinkel/p10039907",
    "storeName": "LIDL",
    "searchTags": [
      "landbrot",
      "dinkel",
      "brot",
      "bread",
      "vollkorn",
      "bakery",
      "rye"
    ],
    "offerStartDate": "2023-11-20",
    "offerEndDate": "2023-11-20"
  },
  {
    "productHash": "bio-natives-olivenol-extra",
    "productName": "Bio Natives Olivenöl Extra",
    "currentPrice": "€8.29",
    "originalPrice": "€9.95",
    "discount": "17% OFF",
    "unitMeasure": "0,75 Liter (1 l = 11.05)",
    "category": "Pantry & Baking (Grundnahrungsmittel)",
    "productUrl": "https://www.lidl.at/p/primadonna-bio-natives-olivenoel-extra/p10039908",
    "storeName": "LIDL",
    "searchTags": [
      "olivenöl",
      "olivenoel",
      "olive oil",
      "bio",
      "extra virgin",
      "öl",
      "oil",
      "natives",
      "kochen"
    ],
    "offerStartDate": "2023-11-20",
    "offerEndDate": "2023-11-20"
  },
  {
    "productHash": "bueno",
    "productName": "Bueno",
    "currentPrice": "€1.99",
    "originalPrice": "€N/A",
    "discount": "N/A",
    "unitMeasure": "117/129 g (1 kg = 17.01/15.43)",
    "category": "Snacks & Confectionery (Süßwaren & Snacks)",
    "productUrl": "https://www.lidl.at/p/kinder-bueno/p10039909",
    "storeName": "LIDL",
    "searchTags": [
      "bueno",
      "schokoriegel",
      "chocolate bar",
      "snack",
      "süßwaren",
      "kinder bueno",
      "riegel"
    ],
    "offerStartDate": "2023-11-20",
    "offerEndDate": "2023-11-20"
  },
  {
    "productHash": "duplo-riegel-oder-country",
    "productName": "Duplo, Riegel oder Country",
    "currentPrice": "€2.89",
    "originalPrice": "€N/A",
    "discount": "N/A",
    "unitMeasure": "182-211,5 g (1 kg = 15.88-13.66)",
    "category": "Snacks & Confectionery (Süßwaren & Snacks)",
    "productUrl": "https://www.lidl.at/p/kinder-duplo-riegel-oder-country/p10039910",
    "storeName": "LIDL",
    "searchTags": [
      "duplo",
      "riegel",
      "country",
      "chocolate bar",
      "snack",
      "süßwaren",
      "kinder duplo",
      "kinder country"
    ],
    "offerStartDate": "2023-11-20",
    "offerEndDate": "2023-11-20"
  },
  {
    "productHash": "apfelsaft-gespritzt-oder-leichter-apfel",
    "productName": "Apfelsaft gespritzt oder Leichter Apfel",
    "currentPrice": "€0.36",
    "originalPrice": "€N/A",
    "discount": "N/A",
    "unitMeasure": "Ab 9 Fl. je 0,5 l (1 l = 0.72)",
    "category": "Drinks & Beverages (Getränke)",
    "productUrl": "https://www.lidl.at/p/freeway-apfelsaft-gespritzt-oder-leichter-apfel/p10039911",
    "storeName": "LIDL",
    "searchTags": [
      "apfelsaft",
      "apple juice",
      "saft",
      "juice",
      "drink",
      "getränk",
      "apfel",
      "apple",
      "gespritzt",
      "leichter"
    ],
    "offerStartDate": "2023-11-20",
    "offerEndDate": "2023-11-20"
  },
  {
    "productHash": "mineralwasser",
    "productName": "Mineralwasser",
    "currentPrice": "€0.32",
    "originalPrice": "€N/A",
    "discount": "N/A",
    "unitMeasure": "Ab 6 Fl. je 1,5 l (1 l = 0.21)",
    "category": "Drinks & Beverages (Getränke)",
    "productUrl": "https://www.lidl.at/p/juvina-mineralwasser/p10039912",
    "storeName": "LIDL",
    "searchTags": [
      "mineralwasser",
      "wasser",
      "water",
      "mineral water",
      "drink",
      "getränk",
      "still",
      "sparkling"
    ],
    "offerStartDate": "2023-11-20",
    "offerEndDate": "2023-11-20"
  },
  {
    "productHash": "giotto",
    "productName": "Giotto",
    "currentPrice": "€3.19",
    "originalPrice": "€N/A",
    "discount": "N/A",
    "unitMeasure": "154 g (1 kg = 20.71)",
    "category": "Snacks & Confectionery (Süßwaren & Snacks)",
    "productUrl": "https://www.lidl.at/p/ferrero-giotto/p10039913",
    "storeName": "LIDL",
    "searchTags": [
      "giotto",
      "pralinen",
      "chocolate",
      "snack",
      "süßwaren",
      "dessert",
      "haselnuss"
    ],
    "offerStartDate": "2023-11-20",
    "offerEndDate": "2023-11-20"
  },
  {
    "productHash": "limonade",
    "productName": "Limonade",
    "currentPrice": "€0.99",
    "originalPrice": "€N/A",
    "discount": "N/A",
    "unitMeasure": "1 l",
    "category": "Drinks & Beverages (Getränke)",
    "productUrl": "https://www.lidl.at/p/almdudler-limonade/p10039914",
    "storeName": "LIDL",
    "searchTags": [
      "limonade",
      "lemonade",
      "soft drink",
      "drink",
      "getränk",
      "erfrischung",
      "zitrone",
      "orange"
    ],
    "offerStartDate": "2023-11-20",
    "offerEndDate": "2023-11-20"
  },
  {
    "productHash": "limonade",
    "productName": "Limonade",
    "currentPrice": "€0.69",
    "originalPrice": "€N/A",
    "discount": "N/A",
    "unitMeasure": "0,5 l (1 l = 1.38)",
    "category": "Drinks & Beverages (Getränke)",
    "productUrl": "https://www.lidl.at/p/keli-limonade/p10039915",
    "storeName": "LIDL",
    "searchTags": [
      "limonade",
      "lemonade",
      "soft drink",
      "drink",
      "getränk",
      "erfrischung",
      "zitrone",
      "orange"
    ],
    "offerStartDate": "2023-11-20",
    "offerEndDate": "2023-11-20"
  },
  {
    "productHash": "thunfischfilets",
    "productName": "Thunfischfilets",
    "currentPrice": "€5.99",
    "originalPrice": "€N/A",
    "discount": "N/A",
    "unitMeasure": "4x 185 g (1 kg = 8.09)",
    "category": "Fish & Seafood (Fisch)",
    "productUrl": "https://www.lidl.at/p/nixe-thunfischfilets/p10039916",
    "storeName": "LIDL",
    "searchTags": [
      "thunfisch",
      "tuna",
      "fisch",
      "fish",
      "filets",
      "seafood",
      "konserve",
      "dosenfisch"
    ],
    "offerStartDate": "2023-11-20",
    "offerEndDate": "2023-11-20"
  },
  {
    "productHash": "cola-zero-oder-fanta",
    "productName": "Cola, Zero oder Fanta",
    "currentPrice": "€4.72",
    "originalPrice": "€N/A",
    "discount": "N/A",
    "unitMeasure": "8x 0,33 l (1 l = 1.79)",
    "category": "Drinks & Beverages (Getränke)",
    "productUrl": "https://www.lidl.at/p/coca-cola-cola-zero-oder-fanta/p10039919",
    "storeName": "LIDL",
    "searchTags": [
      "cola",
      "fanta",
      "zero",
      "soft drink",
      "drink",
      "getränk",
      "limonade",
      "coke",
      "erfrischung"
    ],
    "offerStartDate": "2023-11-20",
    "offerEndDate": "2023-11-20"
  },
  {
    "productHash": "cola-zero-oder-fanta",
    "productName": "Cola, Zero oder Fanta",
    "currentPrice": "€5.20",
    "originalPrice": "€N/A",
    "discount": "N/A",
    "unitMeasure": "8x 0,33 l (1 l = 1.97)",
    "category": "Drinks & Beverages (Getränke)",
    "productUrl": "https://www.lidl.at/p/coca-cola-cola-zero-oder-fanta/p10039920",
    "storeName": "LIDL",
    "searchTags": [
      "cola",
      "fanta",
      "zero",
      "soft drink",
      "drink",
      "getränk",
      "limonade",
      "coke",
      "erfrischung"
    ],
    "offerStartDate": "2023-11-20",
    "offerEndDate": "2023-11-20"
  },
  {
    "productHash": "activia",
    "productName": "Activia",
    "currentPrice": "€3.49",
    "originalPrice": "€N/A",
    "discount": "N/A",
    "unitMeasure": "8x 115 g (1 kg = 3.79)",
    "category": "Dairy & Eggs (Milchprodukte & Eier)",
    "productUrl": "https://www.lidl.at/p/danone-activia/p10039921",
    "storeName": "LIDL",
    "searchTags": [
      "activia",
      "joghurt",
      "yogurt",
      "milchprodukte",
      "dairy",
      "dessert",
      "fermentiert",
      "fruchtjoghurt"
    ],
    "offerStartDate": "2023-11-20",
    "offerEndDate": "2023-11-20"
  },
  {
    "productHash": "activia",
    "productName": "Activia",
    "currentPrice": "€3.69",
    "originalPrice": "€N/A",
    "discount": "N/A",
    "unitMeasure": "8x 115 g (1 kg = 4.01)",
    "category": "Dairy & Eggs (Milchprodukte & Eier)",
    "productUrl": "https://www.lidl.at/p/danone-activia/p10039922",
    "storeName": "LIDL",
    "searchTags": [
      "activia",
      "joghurt",
      "yogurt",
      "milchprodukte",
      "dairy",
      "dessert",
      "fermentiert",
      "fruchtjoghurt"
    ],
    "offerStartDate": "2023-11-20",
    "offerEndDate": "2023-11-20"
  },
  {
    "productHash": "premium-king-prawns",
    "productName": "Premium King Prawns",
    "currentPrice": "€7.99",
    "originalPrice": "€9.99",
    "discount": "20% OFF",
    "unitMeasure": "450 g (1 kg = 17.76)",
    "category": "Fish & Seafood (Fisch)",
    "productUrl": "https://www.lidl.at/p/ocean-sea-premium-king-prawns/p10039923",
    "storeName": "LIDL",
    "searchTags": [
      "king prawns",
      "garnelen",
      "shrimp",
      "seafood",
      "fisch",
      "fish",
      "meerestiere",
      "premium"
    ],
    "offerStartDate": "2023-11-20",
    "offerEndDate": "2023-11-20"
  },
  {
    "productHash": "braunschweiger",
    "productName": "Braunschweiger",
    "currentPrice": "€2.79",
    "originalPrice": "€3.69",
    "discount": "24% OFF",
    "unitMeasure": "500 g (1 kg = 5.58)",
    "category": "Meat & Poultry (Fleisch & Geflügel)",
    "productUrl": "https://www.lidl.at/p/wiesentaler-braunschweiger/p10039924",
    "storeName": "LIDL",
    "searchTags": [
      "braunschweiger",
      "wurst",
      "sausage",
      "fleisch",
      "meat",
      "streichwurst",
      "leberwurst",
      "aufschnitt"
    ],
    "offerStartDate": "2023-11-20",
    "offerEndDate": "2023-11-20"
  },
  {
    "productHash": "streichkase",
    "productName": "Streichkäse",
    "currentPrice": "€1.99",
    "originalPrice": "€N/A",
    "discount": "N/A",
    "unitMeasure": "175 g (1 kg = 11.37)",
    "category": "Dairy & Eggs (Milchprodukte & Eier)",
    "productUrl": "https://www.lidl.at/p/rupp-streichkaese/p10039925",
    "storeName": "LIDL",
    "searchTags": [
      "streichkäse",
      "cream cheese",
      "käse",
      "cheese",
      "dairy",
      "milchprodukte",
      "brotaufstrich",
      "frischkäse"
    ],
    "offerStartDate": "2023-11-20",
    "offerEndDate": "2023-11-20"
  },
  {
    "productHash": "streichkase",
    "productName": "Streichkäse",
    "currentPrice": "€2.19",
    "originalPrice": "€N/A",
    "discount": "N/A",
    "unitMeasure": "175 g (1 kg = 12.51)",
    "category": "Dairy & Eggs (Milchprodukte & Eier)",
    "productUrl": "https://www.lidl.at/p/rupp-streichkaese/p10039926",
    "storeName": "LIDL",
    "searchTags": [
      "streichkäse",
      "cream cheese",
      "käse",
      "cheese",
      "dairy",
      "milchprodukte",
      "brotaufstrich",
      "frischkäse"
    ],
    "offerStartDate": "2023-11-20",
    "offerEndDate": "2023-11-20"
  },
  {
    "productHash": "schlagobers",
    "productName": "Schlagobers",
    "currentPrice": "€2.29",
    "originalPrice": "€2.79",
    "discount": "18% OFF",
    "unitMeasure": "Ab 2 Pkg. je 500 ml (1 l = 4.58)",
    "category": "Dairy & Eggs (Milchprodukte & Eier)",
    "productUrl": "https://www.lidl.at/p/alpengut-schlagobers/p10039927",
    "storeName": "LIDL",
    "searchTags": [
      "schlagobers",
      "schlagsahne",
      "whipped cream",
      "cream",
      "sahne",
      "milchprodukte",
      "dairy",
      "backen",
      "kochen"
    ],
    "offerStartDate": "2023-11-20",
    "offerEndDate": "2023-11-20"
  },
  {
    "productHash": "skyr",
    "productName": "Skyr",
    "currentPrice": "€1.49",
    "originalPrice": "€1.79",
    "discount": "17% OFF",
    "unitMeasure": "500 g (1 kg = 2.98)",
    "category": "Dairy & Eggs (Milchprodukte & Eier)",
    "productUrl": "https://www.lidl.at/p/milbona-skyr/p10039928",
    "storeName": "LIDL",
    "searchTags": [
      "skyr",
      "joghurt",
      "yogurt",
      "quark",
      "milchprodukte",
      "dairy",
      "protein",
      "dessert"
    ],
    "offerStartDate": "2023-11-20",
    "offerEndDate": "2023-11-20"
  },
  {
    "productHash": "tafelschokolade",
    "productName": "Tafelschokolade",
    "currentPrice": "€1.29",
    "originalPrice": "€1.99",
    "discount": "35% OFF",
    "unitMeasure": "87-100 g (1 kg = 14.83-12.90)",
    "category": "Snacks & Confectionery (Süßwaren & Snacks)",
    "productUrl": "https://www.lidl.at/p/milka-tafelschokolade/p10039929",
    "storeName": "LIDL",
    "searchTags": [
      "tafelschokolade",
      "chocolate bar",
      "schokolade",
      "chocolate",
      "süßwaren",
      "snack",
      "dessert",
      "zartbitter",
      "vollmilch"
    ],
    "offerStartDate": "2023-11-20",
    "offerEndDate": "2023-11-20"
  },
  {
    "productHash": "tafelschokolade",
    "productName": "Tafelschokolade",
    "currentPrice": "€1.39",
    "originalPrice": "€1.99",
    "discount": "30% OFF",
    "unitMeasure": "87-100 g (1 kg = 15.98-13.90)",
    "category": "Snacks & Confectionery (Süßwaren & Snacks)",
    "productUrl": "https://www.lidl.at/p/milka-tafelschokolade/p10039930",
    "storeName": "LIDL",
    "searchTags": [
      "tafelschokolade",
      "chocolate bar",
      "schokolade",
      "chocolate",
      "süßwaren",
      "snack",
      "dessert",
      "zartbitter",
      "vollmilch"
    ],
    "offerStartDate": "2023-11-20",
    "offerEndDate": "2023-11-20"
  },
  {
    "productHash": "christrose-in-schale",
    "productName": "Christrose in Schale",
    "currentPrice": "€8.99",
    "originalPrice": "€9.99",
    "discount": "10% OFF",
    "unitMeasure": "Je",
    "category": "Miscellaneous",
    "productUrl": "https://www.lidl.at/p/christrose-in-schale/p10040003",
    "storeName": "LIDL",
    "searchTags": [
      "christrose",
      "blume",
      "pflanze",
      "flower",
      "plant",
      "deko",
      "weihnachten",
      "advent",
      "christmas"
    ],
    "offerStartDate": "2023-11-20",
    "offerEndDate": "2023-11-20"
  },
  {
    "productHash": "mini-weihnachtsfiguren",
    "productName": "Mini Weihnachtsfiguren",
    "currentPrice": "€2.99",
    "originalPrice": "€N/A",
    "discount": "N/A",
    "unitMeasure": "125 g (1 kg = 23.92)",
    "category": "Miscellaneous",
    "productUrl": "https://www.lidl.at/p/favorina-mini-weihnachtsfiguren/p10040054",
    "storeName": "LIDL",
    "searchTags": [
      "weihnachtsfiguren",
      "mini figuren",
      "christmas figures",
      "dekoration",
      "decoration",
      "weihnachten",
      "christmas",
      "figuren"
    ],
    "offerStartDate": "2023-11-20",
    "offerEndDate": "2023-11-20"
  },
  {
    "productHash": "birnen",
    "productName": "Birnen",
    "currentPrice": "€1.49",
    "originalPrice": "€2.29",
    "discount": "35% OFF",
    "unitMeasure": "1 kg",
    "category": "Fresh Produce (Obst & Gemüse)",
    "productUrl": "https://www.lidl.at/p/birnen/p10040055",
    "storeName": "LIDL",
    "searchTags": [
      "birnen",
      "pear",
      "obst",
      "fruit",
      "frisch",
      "produce",
      "frisches obst",
      "sweet"
    ],
    "offerStartDate": "2023-11-20",
    "offerEndDate": "2023-11-20"
  },
  {
    "productHash": "bio-champignons-braun-aus-tirol",
    "productName": "Bio Champignons braun aus Tirol",
    "currentPrice": "€1.79",
    "originalPrice": "€2.99",
    "discount": "40% OFF",
    "unitMeasure": "250 g (1 kg = 7.16)",
    "category": "Fresh Produce (Obst & Gemüse)",
    "productUrl": "https://www.lidl.at/p/bio-champignons-braun-aus-tirol/p10040056",
    "storeName": "LIDL",
    "searchTags": [
      "champignons",
      "mushrooms",
      "pilze",
      "bio",
      "organic",
      "gemüse",
      "vegetables",
      "tirol",
      "braun",
      "frisch"
    ],
    "offerStartDate": "2023-11-20",
    "offerEndDate": "2023-11-20"
  },
  {
    "productHash": "bio-champignons-braun-aus-tirol",
    "productName": "Bio Champignons braun aus Tirol",
    "currentPrice": "€1.99",
    "originalPrice": "€2.99",
    "discount": "33% OFF",
    "unitMeasure": "250 g (1 kg = 7.96)",
    "category": "Fresh Produce (Obst & Gemüse)",
    "productUrl": "https://www.lidl.at/p/bio-champignons-braun-aus-tirol/p10040057",
    "storeName": "LIDL",
    "searchTags": [
      "champignons",
      "mushrooms",
      "pilze",
      "bio",
      "organic",
      "gemüse",
      "vegetables",
      "tirol",
      "braun",
      "frisch"
    ],
    "offerStartDate": "2023-11-20",
    "offerEndDate": "2023-11-20"
  },
  {
    "productHash": "bio-sellerie-aus-osterreich",
    "productName": "Bio Sellerie aus Österreich",
    "currentPrice": "€1.49",
    "originalPrice": "€2.49",
    "discount": "40% OFF",
    "unitMeasure": "kg",
    "category": "Fresh Produce (Obst & Gemüse)",
    "productUrl": "https://www.lidl.at/p/bio-sellerie-aus-oesterreich/p10040058",
    "storeName": "LIDL",
    "searchTags": [
      "sellerie",
      "celery",
      "bio",
      "organic",
      "gemüse",
      "vegetables",
      "österreich",
      "austria",
      "frisch",
      "wurzelgemüse"
    ],
    "offerStartDate": "2023-11-20",
    "offerEndDate": "2023-11-20"
  },
  {
    "productHash": "bio-zitronen",
    "productName": "Bio Zitronen",
    "currentPrice": "€0.44",
    "originalPrice": "€-.89",
    "discount": "N/A",
    "unitMeasure": "Stück",
    "category": "Fresh Produce (Obst & Gemüse)",
    "productUrl": "https://www.lidl.at/p/bio-zitronen/p10040059",
    "storeName": "LIDL",
    "searchTags": [
      "zitronen",
      "lemons",
      "bio",
      "organic",
      "obst",
      "fruit",
      "zitrusfrüchte",
      "citrus",
      "frisch"
    ],
    "offerStartDate": "2023-11-20",
    "offerEndDate": "2023-11-20"
  },
  {
    "productHash": "nuss-nougat-stange",
    "productName": "Nuss- Nougat Stange",
    "currentPrice": "€0.89",
    "originalPrice": "€N/A",
    "discount": "N/A",
    "unitMeasure": "Stück",
    "category": "Bread & Bakery (Brot & Gebäck)",
    "productUrl": "https://www.lidl.at/p/nuss-nougat-stange/p10040060",
    "storeName": "LIDL",
    "searchTags": [
      "nuss-nougat-stange",
      "stange",
      "nougat",
      "brot",
      "gebäck",
      "bakery",
      "snack",
      "süß",
      "pastry"
    ],
    "offerStartDate": "2023-11-20",
    "offerEndDate": "2023-11-20"
  },
  {
    "productHash": "bio-korntaler",
    "productName": "Bio Korntaler",
    "currentPrice": "€0.46",
    "originalPrice": "€N/A",
    "discount": "N/A",
    "unitMeasure": "ab 3 Stk je",
    "category": "Bread & Bakery (Brot & Gebäck)",
    "productUrl": "https://www.lidl.at/p/bio-korntaler/p10040061",
    "storeName": "LIDL",
    "searchTags": [
      "korntaler",
      "bio",
      "brot",
      "bread",
      "gebäck",
      "bakery",
      "vollkorn",
      "organic"
    ],
    "offerStartDate": "2023-11-20",
    "offerEndDate": "2023-11-20"
  },
  {
    "productHash": "baguette",
    "productName": "Baguette",
    "currentPrice": "€0.69",
    "originalPrice": "€-.89",
    "discount": "N/A",
    "unitMeasure": "250 g (1 kg = 2.76)",
    "category": "Bread & Bakery (Brot & Gebäck)",
    "productUrl": "https://www.lidl.at/p/baguette/p10040062",
    "storeName": "LIDL",
    "searchTags": [
      "baguette",
      "brot",
      "bread",
      "gebäck",
      "bakery",
      "französisch",
      "ofenfrisch"
    ],
    "offerStartDate": "2023-11-20",
    "offerEndDate": "2023-11-20"
  },
  {
    "productHash": "original-franzosisches-baguette",
    "productName": "Original französisches Baguette",
    "currentPrice": "€0.99",
    "originalPrice": "€1.39",
    "discount": "29% OFF",
    "unitMeasure": "400 g (1 kg = 2.48)",
    "category": "Bread & Bakery (Brot & Gebäck)",
    "productUrl": "https://www.lidl.at/p/original-franzoesisches-baguette/p10040063",
    "storeName": "LIDL",
    "searchTags": [
      "baguette",
      "brot",
      "bread",
      "gebäck",
      "bakery",
      "französisch",
      "original",
      "ofenfrisch"
    ],
    "offerStartDate": "2023-11-20",
    "offerEndDate": "2023-11-20"
  },
  {
    "productHash": "frische-puten-minifilets",
    "productName": "Frische Puten-Minifilets",
    "currentPrice": "€3.49",
    "originalPrice": "€4.89",
    "discount": "29% OFF",
    "unitMeasure": "400 g (1 kg = 8.73)",
    "category": "Meat & Poultry (Fleisch & Geflügel)",
    "productUrl": "https://www.lidl.at/p/gefluegelhof-frische-puten-minifilets/p10040064",
    "storeName": "LIDL",
    "searchTags": [
      "putenfleisch",
      "turkey",
      "minifilets",
      "filet",
      "fleisch",
      "meat",
      "geflügel",
      "poultry",
      "frisch"
    ],
    "offerStartDate": "2023-11-20",
    "offerEndDate": "2023-11-20"
  },
  {
    "productHash": "frische-hendl-flugerl",
    "productName": "Frische Hendl Flügerl",
    "currentPrice": "€4.99",
    "originalPrice": "€N/A",
    "discount": "N/A",
    "unitMeasure": "1 kg",
    "category": "Meat & Poultry (Fleisch & Geflügel)",
    "productUrl": "https://www.lidl.at/p/frische-hendl-fluegerl/p10040065",
    "storeName": "LIDL",
    "searchTags": [
      "hendlflügerl",
      "hähnchenflügel",
      "chicken wings",
      "geflügel",
      "poultry",
      "fleisch",
      "meat",
      "frisch",
      "hähnchen"
    ],
    "offerStartDate": "2023-11-20",
    "offerEndDate": "2023-11-20"
  },
  {
    "productHash": "frisches-faschiertes-vom-schwein",
    "productName": "Frisches Faschiertes vom Schwein",
    "currentPrice": "€4.79",
    "originalPrice": "€N/A",
    "discount": "N/A",
    "unitMeasure": "800 g (1 kg = 5.99)",
    "category": "Meat & Poultry (Fleisch & Geflügel)",
    "productUrl": "https://www.lidl.at/p/frisches-faschiertes-vom-schwein/p10040066",
    "storeName": "LIDL",
    "searchTags": [
      "faschiertes",
      "hackfleisch",
      "minced meat",
      "pork",
      "schwein",
      "fleisch",
      "meat",
      "frisch",
      "ground pork"
    ],
    "offerStartDate": "2023-11-20",
    "offerEndDate": "2023-11-20"
  },
  {
    "productHash": "tierwohl-schweinefilet",
    "productName": "Tierwohl Schweinefilet",
    "currentPrice": "€6.99",
    "originalPrice": "€N/A",
    "discount": "N/A",
    "unitMeasure": "Z.B.: je 500 g (1 kg = 13.98)",
    "category": "Meat & Poultry (Fleisch & Geflügel)",
    "productUrl": "https://www.lidl.at/p/wiesentaler-tierwohl-schweinefilet/p10040067",
    "storeName": "LIDL",
    "searchTags": [
      "schweinefilet",
      "pork fillet",
      "pork",
      "schwein",
      "fleisch",
      "meat",
      "filet",
      "tierwohl",
      "frisch"
    ],
    "offerStartDate": "2023-11-20",
    "offerEndDate": "2023-11-20"
  },
  {
    "productHash": "msc-kabeljau",
    "productName": "MSC Kabeljau",
    "currentPrice": "€5.99",
    "originalPrice": "€N/A",
    "discount": "N/A",
    "unitMeasure": "250 g (1 kg = 23.96)",
    "category": "Fish & Seafood (Fisch)",
    "productUrl": "https://www.lidl.at/p/msc-kabeljau/p10040068",
    "storeName": "LIDL",
    "searchTags": [
      "kabeljau",
      "cod",
      "fisch",
      "fish",
      "msc",
      "seafood",
      "filet",
      "weißfisch"
    ],
    "offerStartDate": "2023-11-20",
    "offerEndDate": "2023-11-20"
  },
  {
    "productHash": "leichte-kalbspariser-oder-extrawurst",
    "productName": "Leichte Kalbspariser oder Extrawurst",
    "currentPrice": "€1.29",
    "originalPrice": "€1.79",
    "discount": "28% OFF",
    "unitMeasure": "130/​200 g (1 kg = 9.92/​6.45)",
    "category": "Meat & Poultry (Fleisch & Geflügel)",
    "productUrl": "https://www.lidl.at/p/wiesentaler-leichte-kalbspariser-oder-extrawurst/p10040069",
    "storeName": "LIDL",
    "searchTags": [
      "kalbspariser",
      "extrawurst",
      "wurst",
      "sausage",
      "fleisch",
      "meat",
      "aufschnitt",
      "leicht",
      "brühwurst"
    ],
    "offerStartDate": "2023-11-20",
    "offerEndDate": "2023-11-20"
  },
  {
    "productHash": "rostgemuse-vier-jahreszeiten",
    "productName": "Röstgemüse Vier Jahreszeiten",
    "currentPrice": "€2.99",
    "originalPrice": "€3.99",
    "discount": "25% OFF",
    "unitMeasure": "400 g (1 kg = 7.48)",
    "category": "Frozen Foods (Tiefkühl)",
    "productUrl": "https://www.lidl.at/p/iglo-roestgemuese-vier-jahreszeiten/p10040070",
    "storeName": "LIDL",
    "searchTags": [
      "röstgemüse",
      "gemüse",
      "vegetables",
      "tiefkühl",
      "frozen",
      "frozen vegetables",
      "mischung",
      "vier jahreszeiten"
    ],
    "offerStartDate": "2023-11-20",
    "offerEndDate": "2023-11-20"
  },
  {
    "productHash": "kashkaval",
    "productName": "Kashkaval",
    "currentPrice": "€4.99",
    "originalPrice": "€5.99",
    "discount": "17% OFF",
    "unitMeasure": "750 g (1 kg = 6.65)",
    "category": "Dairy & Eggs (Milchprodukte & Eier)",
    "productUrl": "https://www.lidl.at/p/milbona-kashkaval/p10040071",
    "storeName": "LIDL",
    "searchTags": [
      "kashkaval",
      "käse",
      "cheese",
      "dairy",
      "milchprodukte",
      "hartkäse",
      "osteuropa",
      "balkankäse"
    ],
    "offerStartDate": "2023-11-20",
    "offerEndDate": "2023-11-20"
  },
  {
    "productHash": "hendl-nuggets",
    "productName": "Hendl Nuggets",
    "currentPrice": "€3.59",
    "originalPrice": "€4.49",
    "discount": "20% OFF",
    "unitMeasure": "500 g (1 kg = 7.18)",
    "category": "Frozen Foods (Tiefkühl)",
    "productUrl": "https://www.lidl.at/p/chef-select-hendl-nuggets/p10040072",
    "storeName": "LIDL",
    "searchTags": [
      "hendlnuggets",
      "chicken nuggets",
      "hähnchen",
      "geflügel",
      "tiefkühl",
      "frozen food",
      "snack",
      "kinderessen"
    ],
    "offerStartDate": "2023-11-20",
    "offerEndDate": "2023-11-20"
  },
  {
    "productHash": "natives-olivenol-extra",
    "productName": "Natives Olivenöl extra",
    "currentPrice": "€5.49",
    "originalPrice": "€6.99",
    "discount": "21% OFF",
    "unitMeasure": "750 ml (1 l = 7.32)",
    "category": "Pantry & Baking (Grundnahrungsmittel)",
    "productUrl": "https://www.lidl.at/p/primadonna-natives-olivenoel-extra/p10040073",
    "storeName": "LIDL",
    "searchTags": [
      "natives olivenöl",
      "olivenoel",
      "olive oil",
      "extra virgin",
      "öl",
      "oil",
      "kochen",
      "braten",
      "mediterran"
    ],
    "offerStartDate": "2023-11-20",
    "offerEndDate": "2023-11-20"
  },
  {
    "productHash": "pepsi-cola-zero-cola-mirinda",
    "productName": "Pepsi Cola, Zero Cola, Mirinda",
    "currentPrice": "€0.55",
    "originalPrice": "€N/A",
    "discount": "N/A",
    "unitMeasure": "0,33 l (1 l = 1.67)",
    "category": "Drinks & Beverages (Getränke)",
    "productUrl": "https://www.lidl.at/p/pepsi-cola-zero-cola-mirinda/p10040074",
    "storeName": "LIDL",
    "searchTags": [
      "pepsi cola",
      "zero cola",
      "mirinda",
      "soft drink",
      "drink",
      "getränk",
      "limonade",
      "cola",
      "erfrischung"
    ],
    "offerStartDate": "2023-11-20",
    "offerEndDate": "2023-11-20"
  },
  {
    "productHash": "pepsi-cola-zero-cola-mirinda",
    "productName": "Pepsi Cola, Zero Cola, Mirinda",
    "currentPrice": "€0.59",
    "originalPrice": "€N/A",
    "discount": "N/A",
    "unitMeasure": "0,33 l (1 l = 1.79)",
    "category": "Drinks & Beverages (Getränke)",
    "productUrl": "https://www.lidl.at/p/pepsi-cola-zero-cola-mirinda/p10040075",
    "storeName": "LIDL",
    "searchTags": [
      "pepsi cola",
      "zero cola",
      "mirinda",
      "soft drink",
      "drink",
      "getränk",
      "limonade",
      "cola",
      "erfrischung"
    ],
    "offerStartDate": "2023-11-20",
    "offerEndDate": "2023-11-20"
  },
  {
    "productHash": "croissant-mit-cremefullung",
    "productName": "Croissant mit Cremefüllung",
    "currentPrice": "€1.39",
    "originalPrice": "€1.79",
    "discount": "22% OFF",
    "unitMeasure": "5x 48 g (1 kg = 5.79)",
    "category": "Bread & Bakery (Brot & Gebäck)",
    "productUrl": "https://www.lidl.at/p/kuchenzauber-croissant-mit-cremefuellung/p10040076",
    "storeName": "LIDL",
    "searchTags": [
      "croissant",
      "cremefüllung",
      "gebäck",
      "bakery",
      "snack",
      "süß",
      "frühstück",
      "pastry",
      "füllung"
    ],
    "offerStartDate": "2023-11-20",
    "offerEndDate": "2023-11-20"
  },
  {
    "productHash": "schokoriegel",
    "productName": "Schokoriegel",
    "currentPrice": "€1.69",
    "originalPrice": "€2.49",
    "discount": "32% OFF",
    "unitMeasure": "150-168 g (1 kg = 11.27-10.06)",
    "category": "Snacks & Confectionery (Süßwaren & Snacks)",
    "productUrl": "https://www.lidl.at/p/nestle-schokoriegel/p10040077",
    "storeName": "LIDL",
    "searchTags": [
      "schokoriegel",
      "chocolate bar",
      "chocolate",
      "snack",
      "süßwaren",
      "riegel",
      "konfekt",
      "süßigkeit"
    ],
    "offerStartDate": "2023-11-20",
    "offerEndDate": "2023-11-20"
  },
  {
    "productHash": "schokoriegel",
    "productName": "Schokoriegel",
    "currentPrice": "€1.79",
    "originalPrice": "€2.49",
    "discount": "28% OFF",
    "unitMeasure": "150-168 g (1 kg = 11.93-10.65)",
    "category": "Snacks & Confectionery (Süßwaren & Snacks)",
    "productUrl": "https://www.lidl.at/p/nestle-schokoriegel/p10040078",
    "storeName": "LIDL",
    "searchTags": [
      "schokoriegel",
      "chocolate bar",
      "chocolate",
      "snack",
      "süßwaren",
      "riegel",
      "konfekt",
      "süßigkeit"
    ],
    "offerStartDate": "2023-11-20",
    "offerEndDate": "2023-11-20"
  },
  {
    "productHash": "leberkase-im-stuck",
    "productName": "Leberkäse im Stück",
    "currentPrice": "€2.39",
    "originalPrice": "€3.29",
    "discount": "27% OFF",
    "unitMeasure": "400 g (1 kg = 5.98)",
    "category": "Meat & Poultry (Fleisch & Geflügel)",
    "productUrl": "https://www.lidl.at/p/wiesentaler-leberkaese-im-stueck/p10040079",
    "storeName": "LIDL",
    "searchTags": [
      "leberkäse",
      "meatloaf",
      "fleischkäse",
      "fleisch",
      "meat",
      "aufschnitt",
      "brotzeit",
      "im stück"
    ],
    "offerStartDate": "2023-11-20",
    "offerEndDate": "2023-11-20"
  },
  {
    "productHash": "hausgeselchtes-oder-schwarzwalder",
    "productName": "Hausgeselchtes oder Schwarzwälder",
    "currentPrice": "€1.79",
    "originalPrice": "€2.49",
    "discount": "28% OFF",
    "unitMeasure": "100/150 g (1 kg = 17.90/11.93)",
    "category": "Meat & Poultry (Fleisch & Geflügel)",
    "productUrl": "https://www.lidl.at/p/wiesentaler-hausgeselchtes-oder-schwarzwaelder/p10040080",
    "storeName": "LIDL",
    "searchTags": [
      "hausgeselchtes",
      "schwarzwälder",
      "speck",
      "ham",
      "bacon",
      "fleisch",
      "meat",
      "geräuchert",
      "schinken"
    ],
    "offerStartDate": "2023-11-20",
    "offerEndDate": "2023-11-20"
  },
  {
    "productHash": "kasekrainer",
    "productName": "Käsekrainer",
    "currentPrice": "€2.79",
    "originalPrice": "€N/A",
    "discount": "N/A",
    "unitMeasure": "340 g (1 kg = 8.21)",
    "category": "Meat & Poultry (Fleisch & Geflügel)",
    "productUrl": "https://www.lidl.at/p/wiesentaler-kaesekrainer/p10040081",
    "storeName": "LIDL",
    "searchTags": [
      "käsekrainer",
      "wurst",
      "sausage",
      "fleisch",
      "meat",
      "käse",
      "cheese",
      "grillwurst",
      "brühwurst"
    ],
    "offerStartDate": "2023-11-20",
    "offerEndDate": "2023-11-20"
  },
  {
    "productHash": "tiroler-speck",
    "productName": "Tiroler Speck",
    "currentPrice": "€2.79",
    "originalPrice": "€3.79",
    "discount": "26% OFF",
    "unitMeasure": "150 g (1 kg = 18.60)",
    "category": "Meat & Poultry (Fleisch & Geflügel)",
    "productUrl": "https://www.lidl.at/p/wiesentaler-tiroler-speck/p10040082",
    "storeName": "LIDL",
    "searchTags": [
      "tiroler speck",
      "speck",
      "bacon",
      "ham",
      "fleisch",
      "meat",
      "tirol",
      "geräuchert",
      "schinken"
    ],
    "offerStartDate": "2023-11-20",
    "offerEndDate": "2023-11-20"
  },
  {
    "productHash": "hirtenkase",
    "productName": "Hirtenkäse",
    "currentPrice": "€1.99",
    "originalPrice": "€2.49",
    "discount": "20% OFF",
    "unitMeasure": "250 g (1 kg = 7.96)",
    "category": "Dairy & Eggs (Milchprodukte & Eier)",
    "productUrl": "https://www.lidl.at/p/milbona-hirtenkaese/p10040083",
    "storeName": "LIDL",
    "searchTags": [
      "hirtenkäse",
      "feta",
      "käse",
      "cheese",
      "dairy",
      "milchprodukte",
      "salzlake",
      "mediterran",
      "weichkäse"
    ],
    "offerStartDate": "2023-11-20",
    "offerEndDate": "2023-11-20"
  },
  {
    "productHash": "echte-irische-butter",
    "productName": "Echte irische Butter",
    "currentPrice": "€1.99",
    "originalPrice": "€2.49",
    "discount": "20% OFF",
    "unitMeasure": "250 g (1 kg = 7.96)",
    "category": "Dairy & Eggs (Milchprodukte & Eier)",
    "productUrl": "https://www.lidl.at/p/milbona-echte-irische-butter/p10040103",
    "storeName": "LIDL",
    "searchTags": [
      "butter",
      "irish butter",
      "milchprodukte",
      "dairy",
      "streichfett",
      "backen",
      "kochen",
      "irisch"
    ],
    "offerStartDate": "2023-11-20",
    "offerEndDate": "2023-11-20"
  },
  {
    "productHash": "teebutter",
    "productName": "Teebutter",
    "currentPrice": "€1.59",
    "originalPrice": "€1.79",
    "discount": "11% OFF",
    "unitMeasure": "250 g (1 kg = 6.36)",
    "category": "Dairy & Eggs (Milchprodukte & Eier)",
    "productUrl": "https://www.lidl.at/p/alpengut-teebutter/p10040104",
    "storeName": "LIDL",
    "searchTags": [
      "teebutter",
      "butter",
      "milchprodukte",
      "dairy",
      "streichfett",
      "backen",
      "kochen"
    ],
    "offerStartDate": "2023-11-20",
    "offerEndDate": "2023-11-20"
  },
  {
    "productHash": "heidelbeeren",
    "productName": "Heidelbeeren",
    "currentPrice": "€0.99",
    "originalPrice": "€1.99",
    "discount": "50% OFF",
    "unitMeasure": "125 g Pkg. (1 kg = 7.92)",
    "category": "Fresh Produce (Obst & Gemüse)",
    "productUrl": "https://www.lidl.at/p/heidelbeeren/p10040105",
    "storeName": "LIDL",
    "searchTags": [
      "heidelbeeren",
      "blueberries",
      "obst",
      "fruit",
      "beeren",
      "berries",
      "frisch",
      "süß"
    ],
    "offerStartDate": "2023-11-20",
    "offerEndDate": "2023-11-20"
  },
  {
    "productHash": "kaki",
    "productName": "Kaki",
    "currentPrice": "€1.00",
    "originalPrice": "€N/A",
    "discount": "N/A",
    "unitMeasure": "2 Stk.",
    "category": "Fresh Produce (Obst & Gemüse)",
    "productUrl": "https://www.lidl.at/p/kaki/p10040106",
    "storeName": "LIDL",
    "searchTags": [
      "kaki",
      "persimmon",
      "obst",
      "fruit",
      "exotisch",
      "süß",
      "frisch"
    ],
    "offerStartDate": "2023-11-20",
    "offerEndDate": "2023-11-20"
  },
  {
    "productHash": "strauchtomaten-aus-osterreich",
    "productName": "Strauchtomaten aus Österreich",
    "currentPrice": "€2.19",
    "originalPrice": "€3.29",
    "discount": "33% OFF",
    "unitMeasure": "kg",
    "category": "Fresh Produce (Obst & Gemüse)",
    "productUrl": "https://www.lidl.at/p/strauchtomaten-aus-oesterreich/p10040107",
    "storeName": "LIDL",
    "searchTags": [
      "strauchtomaten",
      "tomaten",
      "tomatoes",
      "gemüse",
      "vegetables",
      "österreich",
      "austria",
      "frisch",
      "rot"
    ],
    "offerStartDate": "2023-11-20",
    "offerEndDate": "2023-11-20"
  },
  {
    "productHash": "strauchtomaten-aus-osterreich",
    "productName": "Strauchtomaten aus Österreich",
    "currentPrice": "€2.49",
    "originalPrice": "€3.29",
    "discount": "24% OFF",
    "unitMeasure": "kg",
    "category": "Fresh Produce (Obst & Gemüse)",
    "productUrl": "https://www.lidl.at/p/strauchtomaten-aus-oesterreich/p10040108",
    "storeName": "LIDL",
    "searchTags": [
      "strauchtomaten",
      "tomaten",
      "tomatoes",
      "gemüse",
      "vegetables",
      "österreich",
      "austria",
      "frisch",
      "rot"
    ],
    "offerStartDate": "2023-11-20",
    "offerEndDate": "2023-11-20"
  },
  {
    "productHash": "weisskraut-aus-osterreich",
    "productName": "Weißkraut aus Österreich",
    "currentPrice": "€0.79",
    "originalPrice": "€1.19",
    "discount": "34% OFF",
    "unitMeasure": "kg",
    "category": "Fresh Produce (Obst & Gemüse)",
    "productUrl": "https://www.lidl.at/p/weisskraut-aus-oesterreich/p10040109",
    "storeName": "LIDL",
    "searchTags": [
      "weißkraut",
      "white cabbage",
      "kraut",
      "cabbage",
      "gemüse",
      "vegetables",
      "österreich",
      "austria",
      "frisch",
      "salat"
    ],
    "offerStartDate": "2023-11-20",
    "offerEndDate": "2023-11-20"
  },
  {
    "productHash": "bio-speisekartoffeln-aus-osterreich",
    "productName": "Bio Speisekartoffeln aus Österreich",
    "currentPrice": "€3.00",
    "originalPrice": "€N/A",
    "discount": "N/A",
    "unitMeasure": "3 kg (1 kg = 1.00)",
    "category": "Fresh Produce (Obst & Gemüse)",
    "productUrl": "https://www.lidl.at/p/bio-speisekartoffeln-aus-oesterreich/p10040110",
    "storeName": "LIDL",
    "searchTags": [
      "speisekartoffeln",
      "kartoffeln",
      "potatoes",
      "bio",
      "organic",
      "gemüse",
      "vegetables",
      "österreich",
      "austria",
      "frisch"
    ],
    "offerStartDate": "2023-11-20",
    "offerEndDate": "2023-11-20"
  },
  {
    "productHash": "pinky-donut",
    "productName": "Pinky Donut",
    "currentPrice": "€0.55",
    "originalPrice": "€-.65",
    "discount": "N/A",
    "unitMeasure": "Stück",
    "category": "Bread & Bakery (Brot & Gebäck)",
    "productUrl": "https://www.lidl.at/p/pinky-donut/p10040111",
    "storeName": "LIDL",
    "searchTags": [
      "pinky donut",
      "donut",
      "gebäck",
      "bakery",
      "snack",
      "süß",
      "kuchen",
      "pink",
      "gebäcktheke"
    ],
    "offerStartDate": "2023-11-20",
    "offerEndDate": "2023-11-20"
  },
  {
    "productHash": "himbeer-joghurt-stange",
    "productName": "Himbeer Joghurt-Stange",
    "currentPrice": "€0.99",
    "originalPrice": "€N/A",
    "discount": "N/A",
    "unitMeasure": "Stück",
    "category": "Bread & Bakery (Brot & Gebäck)",
    "productUrl": "https://www.lidl.at/p/himbeer-joghurt-stange/p10040112",
    "storeName": "LIDL",
    "searchTags": [
      "himbeer-joghurt-stange",
      "joghurtstange",
      "gebäck",
      "bakery",
      "himbeer",
      "raspberry",
      "joghurt",
      "snack",
      "süß"
    ],
    "offerStartDate": "2023-11-20",
    "offerEndDate": "2023-11-20"
  },
  {
    "productHash": "hausbrot",
    "productName": "Hausbrot",
    "currentPrice": "€1.29",
    "originalPrice": "€1.69",
    "discount": "24% OFF",
    "unitMeasure": "1 kg",
    "category": "Bread & Bakery (Brot & Gebäck)",
    "productUrl": "https://www.lidl.at/p/hausbrot/p10040113",
    "storeName": "LIDL",
    "searchTags": [
      "hausbrot",
      "brot",
      "bread",
      "gebäck",
      "bakery",
      "roggenbrot",
      "mischbrot",
      "ofenfrisch"
    ],
    "offerStartDate": "2023-11-20",
    "offerEndDate": "2023-11-20"
  },
  {
    "productHash": "frische-cevapcici",
    "productName": "Frische Cevapcici",
    "currentPrice": "€2.59",
    "originalPrice": "€3.29",
    "discount": "21% OFF",
    "unitMeasure": "400/​500 g (1 kg = 6.48/​5.18)",
    "category": "Meat & Poultry (Fleisch & Geflügel)",
    "productUrl": "https://www.lidl.at/p/frische-cevapcici/p10040114",
    "storeName": "LIDL",
    "searchTags": [
      "cevapcici",
      "fleisch",
      "meat",
      "gegrillt",
      "balkan",
      "hackfleisch",
      "frisch",
      "spieß"
    ],
    "offerStartDate": "2023-11-20",
    "offerEndDate": "2023-11-20"
  },
  {
    "productHash": "frisches-surfleisch-im-stuck",
    "productName": "Frisches Surfleisch im Stück",
    "currentPrice": "€7.19",
    "originalPrice": "€8.99",
    "discount": "20% OFF",
    "unitMeasure": "kg",
    "category": "Meat & Poultry (Fleisch & Geflügel)",
    "productUrl": "https://www.lidl.at/p/wiesentaler-frisches-surfleisch-im-stueck/p10040115",
    "storeName": "LIDL",
    "searchTags": [
      "surfleisch",
      "pökelfleisch",
      "fleisch",
      "meat",
      "schwein",
      "pork",
      "im stück",
      "gepökelt",
      "frisch"
    ],
    "offerStartDate": "2023-11-20",
    "offerEndDate": "2023-11-20"
  },
  {
    "productHash": "frische-hendl-filetschnitzel",
    "productName": "Frische Hendl Filetschnitzel",
    "currentPrice": "€8.49",
    "originalPrice": "€N/A",
    "discount": "N/A",
    "unitMeasure": "1 kg",
    "category": "Meat & Poultry (Fleisch & Geflügel)",
    "productUrl": "https://www.lidl.at/p/frische-hendl-filetschnitzel/p10040116",
    "storeName": "LIDL",
    "searchTags": [
      "hendlfiletschnitzel",
      "hähnchenfilet",
      "chicken fillet",
      "fleisch",
      "meat",
      "geflügel",
      "poultry",
      "schnitzel",
      "frisch"
    ],
    "offerStartDate": "2023-11-20",
    "offerEndDate": "2023-11-20"
  },
  {
    "productHash": "frische-puten-mini-steaks",
    "productName": "Frische Puten Mini-Steaks",
    "currentPrice": "€6.99",
    "originalPrice": "€N/A",
    "discount": "N/A",
    "unitMeasure": "800 g (1 kg = 8.74)",
    "category": "Meat & Poultry (Fleisch & Geflügel)",
    "productUrl": "https://www.lidl.at/p/gefluegelhof-frische-puten-mini-steaks/p10040117",
    "storeName": "LIDL",
    "searchTags": [
      "putenministeaks",
      "turkey steaks",
      "pute",
      "turkey",
      "fleisch",
      "meat",
      "geflügel",
      "poultry",
      "mini-steaks",
      "frisch"
    ],
    "offerStartDate": "2023-11-20",
    "offerEndDate": "2023-11-20"
  },
  {
    "productHash": "frische-minutensteaks-vom-schwein",
    "productName": "Frische Minutensteaks vom Schwein",
    "currentPrice": "€6.99",
    "originalPrice": "€N/A",
    "discount": "N/A",
    "unitMeasure": "700 g (1 kg = 9.99)",
    "category": "Meat & Poultry (Fleisch & Geflügel)",
    "productUrl": "https://www.lidl.at/p/frische-minutensteaks-vom-schwein/p10040118",
    "storeName": "LIDL",
    "searchTags": [
      "minutensteaks",
      "pork steaks",
      "schwein",
      "pork",
      "fleisch",
      "meat",
      "steak",
      "schnell zubereitet",
      "frisch"
    ],
    "offerStartDate": "2023-11-20",
    "offerEndDate": "2023-11-20"
  },
  {
    "productHash": "lachsfilet-mit-haut",
    "productName": "Lachsfilet mit Haut",
    "currentPrice": "€8.69",
    "originalPrice": "€10.99",
    "discount": "21% OFF",
    "unitMeasure": "4x 125 g (1 kg = 17.38)",
    "category": "Fish & Seafood (Fisch)",
    "productUrl": "https://www.lidl.at/p/fischerstolz-lachsfilet-mit-haut/p10040119",
    "storeName": "LIDL",
    "searchTags": [
      "lachsfilet",
      "salmon fillet",
      "lachs",
      "salmon",
      "fisch",
      "fish",
      "seafood",
      "mit haut",
      "frisch"
    ],
    "offerStartDate": "2023-11-20",
    "offerEndDate": "2023-11-20"
  },
  {
    "productHash": "frische-maishendl-oberkeulen",
    "productName": "Frische Maishendl Oberkeulen",
    "currentPrice": "€3.99",
    "originalPrice": "€N/A",
    "discount": "N/A",
    "unitMeasure": "1 kg",
    "category": "Meat & Poultry (Fleisch & Geflügel)",
    "productUrl": "https://www.lidl.at/p/wiesentaler-frische-maishendl-oberkeulen/p10040120",
    "storeName": "LIDL",
    "searchTags": [
      "maishendloberkeulen",
      "hähnchenkeulen",
      "chicken thighs",
      "geflügel",
      "poultry",
      "fleisch",
      "meat",
      "mais",
      "frisch"
    ],
    "offerStartDate": "2023-11-20",
    "offerEndDate": "2023-11-20"
  },
  {
    "productHash": "streichzwerge-kochwurst",
    "productName": "Streichzwerge Kochwurst",
    "currentPrice": "€0.79",
    "originalPrice": "€N/A",
    "discount": "N/A",
    "unitMeasure": "Ab 2 Stk. je 130 g (1 kg = 6.08)",
    "category": "Meat & Poultry (Fleisch & Geflügel)",
    "productUrl": "https://www.lidl.at/p/dulano-streichzwerge-kochwurst/p10040121",
    "storeName": "LIDL",
    "searchTags": [
      "streichzwerge",
      "kochwurst",
      "wurst",
      "sausage",
      "fleisch",
      "meat",
      "streichwurst",
      "kinderwurst",
      "aufschnitt"
    ],
    "offerStartDate": "2023-11-20",
    "offerEndDate": "2023-11-20"
  },
  {
    "productHash": "caffe-crema-aroma",
    "productName": "Caffè Crema & Aroma",
    "currentPrice": "€12.49",
    "originalPrice": "€N/A",
    "discount": "N/A",
    "unitMeasure": "1,2 kg (1 kg = 10.41)",
    "category": "Drinks & Beverages (Getränke)",
    "productUrl": "https://www.lidl.at/p/bellarom-caffe-crema-aroma/p10040122",
    "storeName": "LIDL",
    "searchTags": [
      "caffè crema",
      "kaffee",
      "coffee",
      "aroma",
      "getränk",
      "drink",
      "bohnen",
      "gemahlen"
    ],
    "offerStartDate": "2023-11-20",
    "offerEndDate": "2023-11-20"
  },
  {
    "productHash": "semmel",
    "productName": "Semmel",
    "currentPrice": "€0.16",
    "originalPrice": "€N/A",
    "discount": "N/A",
    "unitMeasure": "Ab 9 Stk. je Stück",
    "category": "Bread & Bakery (Brot & Gebäck)",
    "productUrl": "https://www.lidl.at/p/semmel/p10040123",
    "storeName": "LIDL",
    "searchTags": [
      "semmel",
      "brötchen",
      "roll",
      "bread",
      "gebäck",
      "bakery",
      "frühstück",
      "ofenfrisch"
    ],
    "offerStartDate": "2023-11-20",
    "offerEndDate": "2023-11-20"
  },
  {
    "productHash": "semmel",
    "productName": "Semmel",
    "currentPrice": "€0.16",
    "originalPrice": "€N/A",
    "discount": "N/A",
    "unitMeasure": "Ab 6 Stk. je Stück",
    "category": "Bread & Bakery (Brot & Gebäck)",
    "productUrl": "https://www.lidl.at/p/semmel/p10040124",
    "storeName": "LIDL",
    "searchTags": [
      "semmel",
      "brötchen",
      "roll",
      "bread",
      "gebäck",
      "bakery",
      "frühstück",
      "ofenfrisch"
    ],
    "offerStartDate": "2023-11-20",
    "offerEndDate": "2023-11-20"
  },
  {
    "productHash": "semmel",
    "productName": "Semmel",
    "currentPrice": "€0.16",
    "originalPrice": "€N/A",
    "discount": "N/A",
    "unitMeasure": "Ab 3 Stk. je Stück",
    "category": "Bread & Bakery (Brot & Gebäck)",
    "productUrl": "https://www.lidl.at/p/semmel/p10040125",
    "storeName": "LIDL",
    "searchTags": [
      "semmel",
      "brötchen",
      "roll",
      "bread",
      "gebäck",
      "bakery",
      "frühstück",
      "ofenfrisch"
    ],
    "offerStartDate": "2023-11-20",
    "offerEndDate": "2023-11-20"
  },
  {
    "productHash": "eier-aus-bodenhaltung",
    "productName": "Eier aus Bodenhaltung",
    "currentPrice": "€3.99",
    "originalPrice": "€N/A",
    "discount": "N/A",
    "unitMeasure": "18 Stück (1 Stk. = 0.22)",
    "category": "Dairy & Eggs (Milchprodukte & Eier)",
    "productUrl": "https://www.lidl.at/p/eier-aus-bodenhaltung/p10040126",
    "storeName": "LIDL",
    "searchTags": [
      "eier",
      "eggs",
      "bodenhaltung",
      "dairy",
      "milchprodukte",
      "frühstück",
      "backen",
      "kochen"
    ],
    "offerStartDate": "2023-11-20",
    "offerEndDate": "2023-11-20"
  },
  {
    "productHash": "brandteigkrapferl",
    "productName": "Brandteigkrapferl",
    "currentPrice": "€1.39",
    "originalPrice": "€N/A",
    "discount": "N/A",
    "unitMeasure": "Ab 2 Stk. je 250 g (1 kg = 5.56)",
    "category": "Snacks & Confectionery (Süßwaren & Snacks)",
    "productUrl": "https://www.lidl.at/p/confiserie-firenze-brandteigkrapferl/p10040127",
    "storeName": "LIDL",
    "searchTags": [
      "brandteigkrapferl",
      "krapfen",
      "gebäck",
      "bakery",
      "snack",
      "süßwaren",
      "dessert",
      "windbeutel",
      "eclairs"
    ],
    "offerStartDate": "2023-11-20",
    "offerEndDate": "2023-11-20"
  },
  {
    "productHash": "zweigelt-nr-1",
    "productName": "Zweigelt Nr. 1",
    "currentPrice": "€2.32",
    "originalPrice": "€N/A",
    "discount": "N/A",
    "unitMeasure": "Ab 6 Fl. je 0,75 (1 l = 3.09)",
    "category": "Drinks & Beverages (Getränke)",
    "productUrl": "https://www.lidl.at/p/zweigelt-nr-1/p10040128",
    "storeName": "LIDL",
    "searchTags": [
      "zweigelt",
      "wein",
      "wine",
      "rotwein",
      "red wine",
      "getränk",
      "drink",
      "österreichischer wein"
    ],
    "offerStartDate": "2023-11-20",
    "offerEndDate": "2023-11-20"
  },
  {
    "productHash": "faschierte-laibchen",
    "productName": "Faschierte Laibchen",
    "currentPrice": "€3.99",
    "originalPrice": "€N/A",
    "discount": "N/A",
    "unitMeasure": "600 g (1 kg = 6.65)",
    "category": "Meat & Poultry (Fleisch & Geflügel)",
    "productUrl": "https://www.lidl.at/p/dulano-faschierte-laibchen/p10040129",
    "storeName": "LIDL",
    "searchTags": [
      "faschierte laibchen",
      "frikadellen",
      "meatballs",
      "fleischküchle",
      "hackfleisch",
      "fleisch",
      "meat",
      "burger"
    ],
    "offerStartDate": "2023-11-20",
    "offerEndDate": "2023-11-20"
  },
  {
    "productHash": "kaffeegetrank",
    "productName": "Kaffeegetränk",
    "currentPrice": "€0.95",
    "originalPrice": "€N/A",
    "discount": "N/A",
    "unitMeasure": "380 ml (1 l = 2.50)",
    "category": "Drinks & Beverages (Getränke)",
    "productUrl": "https://www.lidl.at/p/milbona-kaffeegetraenk/p10040130",
    "storeName": "LIDL",
    "searchTags": [
      "kaffeegetränk",
      "coffee drink",
      "kaffee",
      "coffee",
      "drink",
      "getränk",
      "eiskaffee",
      "milchkaffee"
    ],
    "offerStartDate": "2023-11-20",
    "offerEndDate": "2023-11-20"
  },
  {
    "productHash": "selection-schwarzwalder-schinken",
    "productName": "Selection Schwarzwälderschinken",
    "currentPrice": "€2.99",
    "originalPrice": "€N/A",
    "discount": "N/A",
    "unitMeasure": "250 g (1 kg = 11.96)",
    "category": "Meat & Poultry (Fleisch & Geflügel)",
    "productUrl": "https://www.lidl.at/p/dulano-selection-schwarzwaelderschinken/p10040131",
    "storeName": "LIDL",
    "searchTags": [
      "schwarzwälder schinken",
      "ham",
      "schinken",
      "fleisch",
      "meat",
      "geräuchert",
      "aufschnitt",
      "selection"
    ],
    "offerStartDate": "2023-11-20",
    "offerEndDate": "2023-11-20"
  },
  {
    "productHash": "kochschinken-oder-putenbrust",
    "productName": "Kochschinken oder Putenbrust",
    "currentPrice": "€5.99",
    "originalPrice": "€N/A",
    "discount": "N/A",
    "unitMeasure": "400 g (1 kg = 14.98)",
    "category": "Meat & Poultry (Fleisch & Geflügel)",
    "productUrl": "https://www.lidl.at/p/dulano-kochschinken-oder-putenbrust/p10040132",
    "storeName": "LIDL",
    "searchTags": [
      "kochschinken",
      "putenbrust",
      "ham",
      "turkey breast",
      "schinken",
      "fleisch",
      "meat",
      "aufschnitt",
      "gekocht",
      "geflügel"
    ],
    "offerStartDate": "2023-11-20",
    "offerEndDate": "2023-11-20"
  },
  {
    "productHash": "salami-in-scheiben",
    "productName": "Salami in Scheiben",
    "currentPrice": "€1.99",
    "originalPrice": "€N/A",
    "discount": "N/A",
    "unitMeasure": "240 g (1 kg = 8.29)",
    "category": "Meat & Poultry (Fleisch & Geflügel)",
    "productUrl": "https://www.lidl.at/p/dulano-salami-in-scheiben/p10040133",
    "storeName": "LIDL",
    "searchTags": [
      "salami",
      "salami slices",
      "wurst",
      "sausage",
      "fleisch",
      "meat",
      "aufschnitt",
      "italienisch",
      "scheiben"
    ],
    "offerStartDate": "2023-11-20",
    "offerEndDate": "2023-11-20"
  },
  {
    "productHash": "bacon-bauch-streifen",
    "productName": "Bacon-Bauch Streifen",
    "currentPrice": "€2.99",
    "originalPrice": "€N/A",
    "discount": "N/A",
    "unitMeasure": "2x 150 g (1 kg = 9.97)",
    "category": "Meat & Poultry (Fleisch & Geflügel)",
    "productUrl": "https://www.lidl.at/p/dulano-bacon-bauch-streifen/p10040134",
    "storeName": "LIDL",
    "searchTags": [
      "bacon streifen",
      "bacon",
      "speck",
      "frühstücksspeck",
      "meat",
      "fleisch",
      "breakfast",
      "geräuchert"
    ],
    "offerStartDate": "2023-11-20",
    "offerEndDate": "2023-11-20"
  },
  {
    "productHash": "munchner-weisswurste",
    "productName": "Münchner Weißwürste",
    "currentPrice": "€4.49",
    "originalPrice": "€N/A",
    "discount": "N/A",
    "unitMeasure": "600 g (1 kg = 7.48)",
    "category": "Meat & Poultry (Fleisch & Geflügel)",
    "productUrl": "https://www.lidl.at/p/dulano-muenchner-weisswuerste/p10040135",
    "storeName": "LIDL",
    "searchTags": [
      "münchner weißwürste",
      "weißwürste",
      "weisswurst",
      "sausage",
      "wurst",
      "fleisch",
      "meat",
      "bayrisch",
      "bavarian"
    ],
    "offerStartDate": "2023-11-20",
    "offerEndDate": "2023-11-20"
  },
  {
    "productHash": "mortadella",
    "productName": "Mortadella",
    "currentPrice": "€2.49",
    "originalPrice": "€N/A",
    "discount": "N/A",
    "unitMeasure": "250 g (1 kg = 9.96)",
    "category": "Meat & Poultry (Fleisch & Geflügel)",
    "productUrl": "https://www.lidl.at/p/dulano-selection-mortadella/p10040136",
    "storeName": "LIDL",
    "searchTags": [
      "mortadella",
      "wurst",
      "sausage",
      "fleisch",
      "meat",
      "italienisch",
      "aufschnitt",
      "brühwurst"
    ],
    "offerStartDate": "2023-11-20",
    "offerEndDate": "2023-11-20"
  },
  {
    "productHash": "krustenschinken",
    "productName": "Krustenschinken",
    "currentPrice": "€2.49",
    "originalPrice": "€N/A",
    "discount": "N/A",
    "unitMeasure": "200 g (1 kg = 12.45)",
    "category": "Meat & Poultry (Fleisch & Geflügel)",
    "productUrl": "https://www.lidl.at/p/dulano-selection-krustenschinken/p10040137",
    "storeName": "LIDL",
    "searchTags": [
      "krustenschinken",
      "ham",
      "schinken",
      "fleisch",
      "meat",
      "aufschnitt",
      "gekocht",
      "braten"
    ],
    "offerStartDate": "2023-11-20",
    "offerEndDate": "2023-11-20"
  },
  {
    "productHash": "gratinkase-gerieben",
    "productName": "Gratinkäse gerieben",
    "currentPrice": "€4.49",
    "originalPrice": "€N/A",
    "discount": "N/A",
    "unitMeasure": "500 g (1 kg = 8.98)",
    "category": "Dairy & Eggs (Milchprodukte & Eier)",
    "productUrl": "https://www.lidl.at/p/milbona-gratinkaese-gerieben/p10040138",
    "storeName": "LIDL",
    "searchTags": [
      "gratinkäse",
      "geriebener käse",
      "grated cheese",
      "käse",
      "cheese",
      "dairy",
      "milchprodukte",
      "gratin",
      "backen"
    ],
    "offerStartDate": "2023-11-20",
    "offerEndDate": "2023-11-20"
  },
  {
    "productHash": "grana-padano-dop-gerieben",
    "productName": "Grana Padano DOP gerieben",
    "currentPrice": "€3.29",
    "originalPrice": "€N/A",
    "discount": "N/A",
    "unitMeasure": "200 g (1 kg = 16.45)",
    "category": "Dairy & Eggs (Milchprodukte & Eier)",
    "productUrl": "https://www.lidl.at/p/milbona-grana-padano-dop-gerieben/p10040139",
    "storeName": "LIDL",
    "searchTags": [
      "grana padano",
      "geriebener käse",
      "grated cheese",
      "käse",
      "cheese",
      "dairy",
      "milchprodukte",
      "italienisch",
      "hartkäse"
    ],
    "offerStartDate": "2023-11-20",
    "offerEndDate": "2023-11-20"
  },
  {
    "productHash": "weichkase-in-salzlake",
    "productName": "Weichkäse in Salzlake",
    "currentPrice": "€8.99",
    "originalPrice": "€N/A",
    "discount": "N/A",
    "unitMeasure": "1,2 kg (1 kg = 7.49)",
    "category": "Dairy & Eggs (Milchprodukte & Eier)",
    "productUrl": "https://www.lidl.at/p/milbona-weichkaese-in-salzlake/p10040140",
    "storeName": "LIDL",
    "searchTags": [
      "weichkäse",
      "feta",
      "käse",
      "cheese",
      "dairy",
      "milchprodukte",
      "salzlake",
      "mediterran",
      "balkankäse"
    ],
    "offerStartDate": "2023-11-20",
    "offerEndDate": "2023-11-20"
  },
  {
    "productHash": "gouda-oder-edamer-in-scheiben",
    "productName": "Gouda oder Edamer in Scheiben",
    "currentPrice": "€6.99",
    "originalPrice": "€N/A",
    "discount": "N/A",
    "unitMeasure": "1 kg",
    "category": "Dairy & Eggs (Milchprodukte & Eier)",
    "productUrl": "https://www.lidl.at/p/milbona-gouda-oder-edamer-in-scheiben/p10040141",
    "storeName": "LIDL",
    "searchTags": [
      "gouda",
      "edamer",
      "käse",
      "cheese",
      "dairy",
      "milchprodukte",
      "scheibenkäse",
      "aufschnitt",
      "mild"
    ],
    "offerStartDate": "2023-11-20",
    "offerEndDate": "2023-11-20"
  },
  {
    "productHash": "schmelzkase-ecken",
    "productName": "Schmelzkäse-Ecken",
    "currentPrice": "€4.49",
    "originalPrice": "€N/A",
    "discount": "N/A",
    "unitMeasure": "533 g (1 kg = 8.42)",
    "category": "Dairy & Eggs (Milchprodukte & Eier)",
    "productUrl": "https://www.lidl.at/p/milbona-schmelzkaese-ecken/p10040142",
    "storeName": "LIDL",
    "searchTags": [
      "schmelzkäse",
      "processed cheese",
      "käse",
      "cheese",
      "dairy",
      "milchprodukte",
      "ecken",
      "streichkäse",
      "brotaufstrich"
    ],
    "offerStartDate": "2023-11-20",
    "offerEndDate": "2023-11-20"
  },
  {
    "productHash": "seetaler-grosslochkase",
    "productName": "Seetaler Großlochkäse",
    "currentPrice": "€6.49",
    "originalPrice": "€N/A",
    "discount": "N/A",
    "unitMeasure": "700 g (1 kg = 9.27)",
    "category": "Dairy & Eggs (Milchprodukte & Eier)",
    "productUrl": "https://www.lidl.at/p/alpengut-seetaler-grosslochkaese/p10040143",
    "storeName": "LIDL",
    "searchTags": [
      "seetaler",
      "großlochkäse",
      "käse",
      "cheese",
      "dairy",
      "milchprodukte",
      "schnittkäse",
      "mild"
    ],
    "offerStartDate": "2023-11-20",
    "offerEndDate": "2023-11-20"
  },
  {
    "productHash": "burrata",
    "productName": "Burrata",
    "currentPrice": "€2.99",
    "originalPrice": "€N/A",
    "discount": "N/A",
    "unitMeasure": "250 g (1 kg = 11.96)",
    "category": "Dairy & Eggs (Milchprodukte & Eier)",
    "productUrl": "https://www.lidl.at/p/italiamo-burrata/p10040144",
    "storeName": "LIDL",
    "searchTags": [
      "burrata",
      "käse",
      "cheese",
      "dairy",
      "milchprodukte",
      "italienisch",
      "mozzarella",
      "frischkäse"
    ],
    "offerStartDate": "2023-11-20",
    "offerEndDate": "2023-11-20"
  },
  {
    "productHash": "mozzarella-gerieben",
    "productName": "Mozzarella gerieben",
    "currentPrice": "€3.49",
    "originalPrice": "€N/A",
    "discount": "N/A",
    "unitMeasure": "500 g (1 kg = 6.98)",
    "category": "Dairy & Eggs (Milchprodukte & Eier)",
    "productUrl": "https://www.lidl.at/p/milbona-mozzarella-gerieben/p10040145",
    "storeName": "LIDL",
    "searchTags": [
      "mozzarella",
      "geriebener käse",
      "grated cheese",
      "käse",
      "cheese",
      "dairy",
      "milchprodukte",
      "pizza",
      "gratin"
    ],
    "offerStartDate": "2023-11-20",
    "offerEndDate": "2023-11-20"
  },
  {
    "productHash": "mozzarella",
    "productName": "Mozzarella",
    "currentPrice": "€1.69",
    "originalPrice": "€N/A",
    "discount": "N/A",
    "unitMeasure": "250 g (1 kg = 6.76)",
    "category": "Dairy & Eggs (Milchprodukte & Eier)",
    "productUrl": "https://www.lidl.at/p/milbona-mozzarella/p10040146",
    "storeName": "LIDL",
    "searchTags": [
      "mozzarella",
      "käse",
      "cheese",
      "dairy",
      "milchprodukte",
      "italienisch",
      "frischkäse",
      "kugel"
    ],
    "offerStartDate": "2023-11-20",
    "offerEndDate": "2023-11-20"
  },
  {
    "productHash": "energy-drink",
    "productName": "Energy Drink",
    "currentPrice": "€0.49",
    "originalPrice": "€N/A",
    "discount": "N/A",
    "unitMeasure": "0,5 l (1 l = 0.98)",
    "category": "Drinks & Beverages (Getränke)",
    "productUrl": "https://www.lidl.at/p/kong-strong-energy-drink/p10040147",
    "storeName": "LIDL",
    "searchTags": [
      "energy drink",
      "energet",
      "drink",
      "getränk",
      "wachmacher",
      "red bull",
      "monster",
      "energy"
    ],
    "offerStartDate": "2023-11-20",
    "offerEndDate": "2023-11-20"
  },
  {
    "productHash": "energy-drink",
    "productName": "Energy Drink",
    "currentPrice": "€0.49",
    "originalPrice": "€-.69",
    "discount": "N/A",
    "unitMeasure": "0,5 l (1 l = 0.98)",
    "category": "Drinks & Beverages (Getränke)",
    "productUrl": "https://www.lidl.at/p/kong-strong-energy-drink/p10040148",
    "storeName": "LIDL",
    "searchTags": [
      "energy drink",
      "energet",
      "drink",
      "getränk",
      "wachmacher",
      "red bull",
      "monster",
      "energy"
    ],
    "offerStartDate": "2023-11-20",
    "offerEndDate": "2023-11-20"
  },
  {
    "productHash": "energy-drink",
    "productName": "Energy Drink",
    "currentPrice": "€0.69",
    "originalPrice": "€N/A",
    "discount": "N/A",
    "unitMeasure": "0,5 l (1 l = 1.38)",
    "category": "Drinks & Beverages (Getränke)",
    "productUrl": "https://www.lidl.at/p/kong-strong-energy-drink/p10040149",
    "storeName": "LIDL",
    "searchTags": [
      "energy drink",
      "energet",
      "drink",
      "getränk",
      "wachmacher",
      "red bull",
      "monster",
      "energy"
    ],
    "offerStartDate": "2023-11-20",
    "offerEndDate": "2023-11-20"
  },
  {
    "productHash": "9d28d1c4fb9849f320446f264acb356d3197af45",
    "productName": "Himbeeren, Erdbeeren oder Beerenmischung",
    "currentPrice": "€3.79",
    "originalPrice": "€N/A",
    "discount": "N/A",
    "unitMeasure": "750/1000 g (1 kg = 5.05/3.79)",
    "category": "ESSEN & TRINKEN",
    "productUrl": "https://www.lidl.at/p/freshona-himbeeren-erdbeeren-oder-beerenmischung/p10040150",
    "storeName": "LIDL"
  },
  {
    "productHash": "ef7d26535627e3a4bae908f9cb4eeb853cf632da",
    "productName": "Chicken Wings",
    "currentPrice": "€5.49",
    "originalPrice": "€N/A",
    "discount": "N/A",
    "unitMeasure": "1 kg",
    "category": "ESSEN & TRINKEN",
    "productUrl": "https://www.lidl.at/p/chef-select-chicken-wings/p10040151",
    "storeName": "LIDL"
  },
  {
    "productHash": "1ba96b9de688d1aa3afddc8f842481086f875dd7",
    "productName": "Lasagne Bolognese",
    "currentPrice": "€3.99",
    "originalPrice": "€N/A",
    "discount": "N/A",
    "unitMeasure": "1,15 kg (1 kg = 3.47)",
    "category": "ESSEN & TRINKEN",
    "productUrl": "https://www.lidl.at/p/chef-select-lasagne-bolognese/p10040152",
    "storeName": "LIDL"
  },
  {
    "productHash": "909da8b52433ea8a007ba8f71a2f0b58f732c396",
    "productName": "Easy Snack",
    "currentPrice": "€5.99",
    "originalPrice": "€N/A",
    "discount": "N/A",
    "unitMeasure": "700/750 g (1 kg = 8.56/7.99)",
    "category": "ESSEN & TRINKEN",
    "productUrl": "https://www.lidl.at/p/chef-select-easy-snack/p10040153",
    "storeName": "LIDL"
  },
  {
    "productHash": "72c8938d3d210b19cd6735d6d93edfd6226b1fcc",
    "productName": "Pfannengerichte",
    "currentPrice": "€3.99",
    "originalPrice": "€N/A",
    "discount": "N/A",
    "unitMeasure": "1 kg",
    "category": "ESSEN & TRINKEN",
    "productUrl": "https://www.lidl.at/p/culinea-pfannengerichte/p10040154",
    "storeName": "LIDL"
  },
  {
    "productHash": "ce6185cb07a27cf400cd61f579e11ab93edbd18f",
    "productName": "Fertiggerichte",
    "currentPrice": "€4.99",
    "originalPrice": "€N/A",
    "discount": "N/A",
    "unitMeasure": "800 g (1 kg = 6.24)",
    "category": "ESSEN & TRINKEN",
    "productUrl": "https://www.lidl.at/p/frosta-fertiggerichte/p10040155",
    "storeName": "LIDL"
  },
  {
    "productHash": "61fe899510135d170c8903a474c23559a67c6280",
    "productName": "Chicken Nuggets",
    "currentPrice": "€3.29",
    "originalPrice": "€N/A",
    "discount": "N/A",
    "unitMeasure": "475 g (1 kg = 6.93)",
    "category": "ESSEN & TRINKEN",
    "productUrl": "https://www.lidl.at/p/chef-select-chicken-nuggets/p10040156",
    "storeName": "LIDL"
  },
  {
    "productHash": "2f8fb62c1d26ee31f184baccf62205e8abc811a4",
    "productName": "Puten Cordon Bleu",
    "currentPrice": "€5.99",
    "originalPrice": "€N/A",
    "discount": "N/A",
    "unitMeasure": "1,5 kg (1 kg = 3.99)",
    "category": "ESSEN & TRINKEN",
    "productUrl": "https://www.lidl.at/p/chef-select-puten-cordon-bleu/p10040157",
    "storeName": "LIDL"
  },
  {
    "productHash": "e955f19e313bdadfb276c317c78d547f000c018e",
    "productName": "Räucherlachs",
    "currentPrice": "€5.49",
    "originalPrice": "€N/A",
    "discount": "N/A",
    "unitMeasure": "220 g (1 kg = 24.95)",
    "category": "ESSEN & TRINKEN",
    "productUrl": "https://www.lidl.at/p/nautica-raeucherlachs/p10040158",
    "storeName": "LIDL"
  },
  {
    "productHash": "6d7d2977c3fa5910cb64bfbeecda13f9ae4c1996",
    "productName": "Lachsfiletportionen ohne Haut",
    "currentPrice": "€11.99",
    "originalPrice": "€N/A",
    "discount": "N/A",
    "unitMeasure": "5x 120 g (1 kg = 19.98)",
    "category": "ESSEN & TRINKEN",
    "productUrl": "https://www.lidl.at/p/ocean-sea-lachsfiletportionen-ohne-haut/p10040159",
    "storeName": "LIDL"
  },
  {
    "productHash": "99e0002145d638f2b986885e207b9d3a43b861d8",
    "productName": "MSC Alaska Seelachs paniert",
    "currentPrice": "€6.25",
    "originalPrice": "€N/A",
    "discount": "N/A",
    "unitMeasure": "960 g (1 kg = 6.51)",
    "category": "ESSEN & TRINKEN",
    "productUrl": "https://www.lidl.at/p/ocean-sea-msc-alaska-seelachs-paniert/p10040160",
    "storeName": "LIDL"
  },
  {
    "productHash": "56f58a65a82c04459dd78d1edde40aeb0247da04",
    "productName": "MSC Fischstäbchen",
    "currentPrice": "€4.49",
    "originalPrice": "€N/A",
    "discount": "N/A",
    "unitMeasure": "900 g (1 kg = 4.99)",
    "category": "ESSEN & TRINKEN",
    "productUrl": "https://www.lidl.at/p/ocean-sea-msc-fischstaebchen/p10040161",
    "storeName": "LIDL"
  },
  {
    "productHash": "8888e80852bedc77c60fbac7c26d5bb0603a0f8b",
    "productName": "Cremeschnitte oder 3 Color Schnitte",
    "currentPrice": "€5.99",
    "originalPrice": "€N/A",
    "discount": "N/A",
    "unitMeasure": "680 g (1 kg = 8.81)",
    "category": "ESSEN & TRINKEN",
    "productUrl": "https://www.lidl.at/p/zito-cremeschnitte-oder-3-color-schnitte/p10040162",
    "storeName": "LIDL"
  },
  {
    "productHash": "7ba35d1849513e3a3c7542c99b19064dfd9802fb",
    "productName": "Milch-Haselnuss-Schnitte 12er",
    "currentPrice": "€2.35",
    "originalPrice": "€N/A",
    "discount": "N/A",
    "unitMeasure": "300 g (1 kg = 7.83)",
    "category": "ESSEN & TRINKEN",
    "productUrl": "https://www.lidl.at/p/sondey-milch-haselnuss-schnitte-12er/p10040163",
    "storeName": "LIDL"
  },
  {
    "productHash": "fce1aa4e4a1e1150cb6941a5716145a0df389ef5",
    "productName": "Muffins",
    "currentPrice": "€3.49",
    "originalPrice": "€N/A",
    "discount": "N/A",
    "unitMeasure": "540 g (1 kg = 6.46)",
    "category": "ESSEN & TRINKEN",
    "productUrl": "https://www.lidl.at/p/kuchenzauber-muffins/p10040164",
    "storeName": "LIDL"
  },
  {
    "productHash": "c1c162e41b94417555b0d2285342726525fd27a0",
    "productName": "Croissants",
    "currentPrice": "€1.79",
    "originalPrice": "€N/A",
    "discount": "N/A",
    "unitMeasure": "325 g (1 kg = 5.51)",
    "category": "ESSEN & TRINKEN",
    "productUrl": "https://www.lidl.at/p/maitre-jean-pierre-croissants/p10040165",
    "storeName": "LIDL"
  },
  {
    "productHash": "dbfafa1a32814637540fa8c6ceeeafc69252b877",
    "productName": "Monte Mega",
    "currentPrice": "€1.59",
    "originalPrice": "€N/A",
    "discount": "N/A",
    "unitMeasure": "400 g (1 kg = 3.98)",
    "category": "ESSEN & TRINKEN",
    "productUrl": "https://www.lidl.at/p/zott-monte-mega/p10040166",
    "storeName": "LIDL"
  },
  {
    "productHash": "6a3c9dd156bb77b2122712005454839fdea1a539",
    "productName": "Gerührter Joghurt",
    "currentPrice": "€2.29",
    "originalPrice": "€N/A",
    "discount": "N/A",
    "unitMeasure": "8x 125 g",
    "category": "ESSEN & TRINKEN",
    "productUrl": "https://www.lidl.at/p/milbona-geruehrter-joghurt/p10040167",
    "storeName": "LIDL"
  },
  {
    "productHash": "c3442f7de4785048352cc83663eb9b5892a5469e",
    "productName": "Joghurt nach griechischer Art",
    "currentPrice": "€3.39",
    "originalPrice": "€N/A",
    "discount": "N/A",
    "unitMeasure": "1,1 kg (1 kg = 3.08)",
    "category": "ESSEN & TRINKEN",
    "productUrl": "https://www.lidl.at/p/milbona-joghurt-nach-griechischer-art/p10040168",
    "storeName": "LIDL"
  },
  {
    "productHash": "3f6889197a3b66d7f7015c3d89ec38a8b77bb9f2",
    "productName": "Zuckerwaffeln 10er",
    "currentPrice": "€2.49",
    "originalPrice": "€N/A",
    "discount": "N/A",
    "unitMeasure": "550 g (1 kg = 4.53)",
    "category": "ESSEN & TRINKEN",
    "productUrl": "https://www.lidl.at/p/sondey-zuckerwaffeln-10er/p10040169",
    "storeName": "LIDL"
  },
  {
    "productHash": "c2b6c3ec466273f6e7d1cb4067dd3d5f48f3e32b",
    "productName": "Manja oder Swedy 15er",
    "currentPrice": "€6.79",
    "originalPrice": "€N/A",
    "discount": "N/A",
    "unitMeasure": "300 g (1 kg = 22.63)",
    "category": "ESSEN & TRINKEN",
    "productUrl": "https://www.lidl.at/p/niemetz-manja-oder-swedy-15er/p10040170",
    "storeName": "LIDL"
  },
  {
    "productHash": "a66e7466618b82eaf89cc2f556ba953136c5c99e",
    "productName": "Nuts Royal naturbelassen",
    "currentPrice": "€5.59",
    "originalPrice": "€N/A",
    "discount": "N/A",
    "unitMeasure": "500 g (1 kg = 11.18)",
    "category": "ESSEN & TRINKEN",
    "productUrl": "https://www.lidl.at/p/alesto-selection-nuts-royal-naturbelassen/p10040171",
    "storeName": "LIDL"
  },
  {
    "productHash": "e102b616498bdd8db6efe075037f4ee852982a1e",
    "productName": "Erdnüsse geröstet & gesalzen",
    "currentPrice": "€4.49",
    "originalPrice": "€N/A",
    "discount": "N/A",
    "unitMeasure": "1 kg",
    "category": "ESSEN & TRINKEN",
    "productUrl": "https://www.lidl.at/p/alesto-erdnuesse-geroestet-gesalzen/p10040172",
    "storeName": "LIDL"
  },
  {
    "productHash": "458391438108bd0dded46d84e87ff5807892d5b7",
    "productName": "Cashewkerne naturbelassen",
    "currentPrice": "€5.79",
    "originalPrice": "€N/A",
    "discount": "N/A",
    "unitMeasure": "500 g (1 kg = 11.58)",
    "category": "ESSEN & TRINKEN",
    "productUrl": "https://www.lidl.at/p/alesto-selection-cashewkerne-naturbelassen/p10040173",
    "storeName": "LIDL"
  },
  {
    "productHash": "6c180ccf5fe1c1412a119586bc40656163c4d46d",
    "productName": "Walnusskerne naturbelassen",
    "currentPrice": "€5.99",
    "originalPrice": "€N/A",
    "discount": "N/A",
    "unitMeasure": "500 g (1 kg = 11.98)",
    "category": "ESSEN & TRINKEN",
    "productUrl": "https://www.lidl.at/p/alesto-selection-walnusskerne-naturbelassen/p10040174",
    "storeName": "LIDL"
  },
  {
    "productHash": "388368564a8777b267d325bd0778862971a5a65c",
    "productName": "Mandeln naturbelassen",
    "currentPrice": "€5.49",
    "originalPrice": "€N/A",
    "discount": "N/A",
    "unitMeasure": "500 g (1 kg = 10.98)",
    "category": "ESSEN & TRINKEN",
    "productUrl": "https://www.lidl.at/p/alesto-selection-mandeln-naturbelassen/p10040175",
    "storeName": "LIDL"
  },
  {
    "productHash": "d660222ad075a202cf028c4b483cc5afd1a6b829",
    "productName": "Nussmix",
    "currentPrice": "€3.99",
    "originalPrice": "€N/A",
    "discount": "N/A",
    "unitMeasure": "300 g (1 kg = 13.30)",
    "category": "ESSEN & TRINKEN",
    "productUrl": "https://www.lidl.at/p/alesto-nussmix/p10040176",
    "storeName": "LIDL"
  },
  {
    "productHash": "80620c42fbd03fa437cf3a2702faf9a82ef0f873",
    "productName": "Cashewkerne geröstet & gesalzen",
    "currentPrice": "€2.79",
    "originalPrice": "€N/A",
    "discount": "N/A",
    "unitMeasure": "250 g (1 kg = 11.16)",
    "category": "ESSEN & TRINKEN",
    "productUrl": "https://www.lidl.at/p/alesto-cashewkerne-geroestet-gesalzen/p10040177",
    "storeName": "LIDL"
  },
  {
    "productHash": "57c1a7145891f4bbd4bc3e62c8601c7c4d3b3825",
    "productName": "Märzenbier",
    "currentPrice": "€7.08",
    "originalPrice": "€N/A",
    "discount": "N/A",
    "unitMeasure": "12x 0,33 l (0,5 l = 1.05)",
    "category": "ESSEN & TRINKEN",
    "productUrl": "https://www.lidl.at/p/puntigamer-maerzenbier/p10040178",
    "storeName": "LIDL"
  },
  {
    "productHash": "c29b3ca5079b908aace6f36f7ce625661e19f1fd",
    "productName": "Walnusskipferl oder Haselnuss Kipferl",
    "currentPrice": "€3.49",
    "originalPrice": "€N/A",
    "discount": "N/A",
    "unitMeasure": "400 g (1 kg = 8.73)",
    "category": "ESSEN & TRINKEN",
    "productUrl": "https://www.lidl.at/p/favorina-walnusskipferl-oder-haselnuss-kipferl/p10040179",
    "storeName": "LIDL"
  },
  {
    "productHash": "6ba255e85aaa241b1b407243407095e6c816aea8",
    "productName": "Knabbermix im Eimer",
    "currentPrice": "€2.99",
    "originalPrice": "€N/A",
    "discount": "N/A",
    "unitMeasure": "500 g (1 kg = 5.98)",
    "category": "ESSEN & TRINKEN",
    "productUrl": "https://www.lidl.at/p/snack-day-knabbermix-im-eimer/p10040180",
    "storeName": "LIDL"
  },
  {
    "productHash": "b0d68d53e5198ef40178e66454da29cc931ebac3",
    "productName": "Flips",
    "currentPrice": "€0.99",
    "originalPrice": "€N/A",
    "discount": "N/A",
    "unitMeasure": "150/250 g (1 kg = 6.60/3.96)",
    "category": "ESSEN & TRINKEN",
    "productUrl": "https://www.lidl.at/p/snack-day-flips/p10040181",
    "storeName": "LIDL"
  },
  {
    "productHash": "2f84bd5fa8fb5c23a900599259cfb70624f87aaa",
    "productName": "Apfelsaft",
    "currentPrice": "€1.99",
    "originalPrice": "€N/A",
    "discount": "N/A",
    "unitMeasure": "2 l (1 l = 1.00)",
    "category": "ESSEN & TRINKEN",
    "productUrl": "https://www.lidl.at/p/solevita-apfelsaft/p10040182",
    "storeName": "LIDL"
  },
  {
    "productHash": "22a7c685f4d01560cd4e2b0f1a5233135abb67c9",
    "productName": "Orangensaft",
    "currentPrice": "€3.49",
    "originalPrice": "€N/A",
    "discount": "N/A",
    "unitMeasure": "2 l (1 l = 1.75)",
    "category": "ESSEN & TRINKEN",
    "productUrl": "https://www.lidl.at/p/solevita-orangensaft/p10040183",
    "storeName": "LIDL"
  },
  {
    "productHash": "df22c1189295f8561899306f8b1deb7496e51265",
    "productName": "Orangensaft",
    "currentPrice": "€3.29",
    "originalPrice": "€N/A",
    "discount": "N/A",
    "unitMeasure": "1,25 l (1 l = 2.63)",
    "category": "ESSEN & TRINKEN",
    "productUrl": "https://www.lidl.at/p/solevita-orangensaft/p10040184",
    "storeName": "LIDL"
  },
  {
    "productHash": "44212557d9b9fa7bba56d22c17ecd2a85becf09e",
    "productName": "Basmati Reis",
    "currentPrice": "€9.99",
    "originalPrice": "€N/A",
    "discount": "N/A",
    "unitMeasure": "4,5 kg (1 kg = 2.22)",
    "category": "ESSEN & TRINKEN",
    "productUrl": "https://www.lidl.at/p/golden-sun-basmati-reis/p10040185",
    "storeName": "LIDL"
  },
  {
    "productHash": "b731cbc62f6ff9d8865e312aabd691e0618e2b7d",
    "productName": "Natives Olivenöl extra",
    "currentPrice": "€9.99",
    "originalPrice": "€N/A",
    "discount": "N/A",
    "unitMeasure": "1,5 Liter (1 l = 6.66)",
    "category": "ESSEN & TRINKEN",
    "productUrl": "https://www.lidl.at/p/primadonna-natives-olivenoel-extra/p10040186",
    "storeName": "LIDL"
  },
  {
    "productHash": "987de6bb1df1ba005adef54a12b46c6bd43ddcb5",
    "productName": "Frittieröl",
    "currentPrice": "€8.99",
    "originalPrice": "€N/A",
    "discount": "N/A",
    "unitMeasure": "5 l (1 l = 1.80)",
    "category": "ESSEN & TRINKEN",
    "productUrl": "https://www.lidl.at/p/vita-d-or-frittieroel/p10040187",
    "storeName": "LIDL"
  },
  {
    "productHash": "c3d297e4412b2af01f4d0b6dfd3ea175e75c044c",
    "productName": "Märzen",
    "currentPrice": "€13.00",
    "originalPrice": "€N/A",
    "discount": "N/A",
    "unitMeasure": "20x 0,5 l (0,5 l = 0.65)",
    "category": "ESSEN & TRINKEN",
    "productUrl": "https://www.lidl.at/p/goesser-maerzen/p10040191",
    "storeName": "LIDL"
  },
  {
    "productHash": "ae009f3ed788486dcc253ac503d899fa74557a6d",
    "productName": "Märzen",
    "currentPrice": "€13.40",
    "originalPrice": "€N/A",
    "discount": "N/A",
    "unitMeasure": "20x 0,5 l (0,5 l = 0.67)",
    "category": "ESSEN & TRINKEN",
    "productUrl": "https://www.lidl.at/p/goesser-maerzen/p10040192",
    "storeName": "LIDL"
  },
  {
    "productHash": "f19e7f891ce419f2ba9ea4e12d0796fed776203e",
    "productName": "Märzenbier",
    "currentPrice": "€0.69",
    "originalPrice": "€1.59",
    "discount": "57% OFF",
    "unitMeasure": "Ab 24 Dosen je 0,5 l = 0.69",
    "category": "ESSEN & TRINKEN",
    "productUrl": "https://www.lidl.at/p/goesser-maerzenbier/p10040193",
    "storeName": "LIDL"
  },
  {
    "productHash": "de919dfd893002185b5a07e770ebf3c61a4ac874",
    "productName": "Märzenbier",
    "currentPrice": "€0.74",
    "originalPrice": "€1.59",
    "discount": "53% OFF",
    "unitMeasure": "Ab 24 Dosen je 0,5 l = 0.74",
    "category": "ESSEN & TRINKEN",
    "productUrl": "https://www.lidl.at/p/goesser-maerzenbier/p10040194",
    "storeName": "LIDL"
  },
  {
    "productHash": "125590d8bd19daeae5c5015fc371114a253f4b49",
    "productName": "Bio Kornspitz",
    "currentPrice": "€0.34",
    "originalPrice": "€N/A",
    "discount": "N/A",
    "unitMeasure": "Ab 2 Stk. je",
    "category": "ESSEN & TRINKEN",
    "productUrl": "https://www.lidl.at/p/bio-kornspitz/p10040195",
    "storeName": "LIDL"
  },
  {
    "productHash": "f0affd2de1363a96207d1ca10aab483f9014ce78",
    "productName": "Bio Kornspitz",
    "currentPrice": "€0.34",
    "originalPrice": "€N/A",
    "discount": "N/A",
    "unitMeasure": "Ab 2 Stk. je",
    "category": "ESSEN & TRINKEN",
    "productUrl": "https://www.lidl.at/p/bio-kornspitz/p10040196",
    "storeName": "LIDL"
  },
  {
    "productHash": "45b26f60da57e8f3aeb73288ac6d07d26e8339c0",
    "productName": "Frisches Schweinefleisch gewürfelt",
    "currentPrice": "€3.49",
    "originalPrice": "€N/A",
    "discount": "N/A",
    "unitMeasure": "500 g (1 kg = 6.98)",
    "category": "ESSEN & TRINKEN",
    "productUrl": "https://www.lidl.at/p/wiesentaler-frisches-schweinefleisch-gewuerfelt/p10040198",
    "storeName": "LIDL"
  },
  {
    "productHash": "838365d0533f172e6fb21fc2b5b11415c1fa0221",
    "productName": "SPAR Cashews ungesalzen & ungeröstet",
    "currentPrice": "€4,49",
    "originalPrice": "€4,99",
    "discount": "10% OFF",
    "unitMeasure": "300 G",
    "category": "FOOD",
    "productUrl": "https://www.spar.at/produktwelt/spar-qualitaetsmarke-cashews-ungesalzen-ungeroestet-p2020001033652",
    "storeName": "SPAR"
  },
  {
    "productHash": "b4c3223ae465fb5aab0860da22905c9877f15c8a",
    "productName": "SPAR Schnitte Kirsch-Marmor",
    "currentPrice": "€1,49",
    "originalPrice": "€1,89",
    "discount": "21% OFF",
    "unitMeasure": "1 STK",
    "category": "FOOD",
    "productUrl": "https://www.spar.at/produktwelt/spar-qualitaetsmarke-schnitte-kirsch-marmor-p1213621",
    "storeName": "SPAR"
  },
  {
    "productHash": "39afcb70abc5ea54795998b1625300f5281897ee",
    "productName": "SPAR Natur*pur Bio-Weizen-Universalmehl Type 480",
    "currentPrice": "€0,99",
    "originalPrice": "€1,19",
    "discount": "17% OFF",
    "unitMeasure": "1 KG",
    "category": "FOOD",
    "productUrl": "https://www.spar.at/produktwelt/spar-natur-pur-bio-weizen-universalmehl-type-480-p7243127",
    "storeName": "SPAR"
  },
  {
    "productHash": "25473300ee71d13df74467ca02321aaa84ea4e8e",
    "productName": "SPAR Natur*pur Bio-Condimento Bianco",
    "currentPrice": "€3,79",
    "originalPrice": "€4,79",
    "discount": "21% OFF",
    "unitMeasure": "0,5 L",
    "category": "FOOD",
    "productUrl": "https://www.spar.at/produktwelt/spar-natur-pur-bio-condimento-bianco-p5903115",
    "storeName": "SPAR"
  },
  {
    "productHash": "0ef0d2c492e1de7e9b3815b537bc96aec7778c3a",
    "productName": "SPAR Natur*pur Bio-Mais-Bärlis Erdbeere & Apfel",
    "currentPrice": "€0,59",
    "originalPrice": "€0,89",
    "discount": "34% OFF",
    "unitMeasure": "30 G",
    "category": "FOOD",
    "productUrl": "https://www.spar.at/produktwelt/spar-natur-pur-bio-mais-baerlis-erdbeere-apfel-p2020003842771",
    "storeName": "SPAR"
  },
  {
    "productHash": "320ef430e41d36458ae8c1461914dd830b5c24ac",
    "productName": "DESPAR Pizza Margherita",
    "currentPrice": "€2,49",
    "originalPrice": "€2,99",
    "discount": "17% OFF",
    "unitMeasure": "423 G",
    "category": "FOOD",
    "productUrl": "https://www.spar.at/produktwelt/despar-pizza-margherita-p2020003109607",
    "storeName": "SPAR"
  },
  {
    "productHash": "acc1d5908e84283f044d2ca032f5fd373bbf6f58",
    "productName": "SPAR Natur*pur Bio-Wedges",
    "currentPrice": "€3,49",
    "originalPrice": "€3,99",
    "discount": "13% OFF",
    "unitMeasure": "750 G",
    "category": "FOOD",
    "productUrl": "https://www.spar.at/produktwelt/spar-natur-pur-bio-wedges-p2020004854179",
    "storeName": "SPAR"
  },
  {
    "productHash": "b86b3edcbcf316da8415b8db2d811cb3078239ae",
    "productName": "SPAR Natur*pur Bio-Baguette de Paris",
    "currentPrice": "€2,49",
    "originalPrice": "€2,99",
    "discount": "17% OFF",
    "unitMeasure": "300 G",
    "category": "FOOD",
    "productUrl": "https://www.spar.at/produktwelt/spar-natur-pur-bio-baguette-de-paris-p2020003092756",
    "storeName": "SPAR"
  },
  {
    "productHash": "49472db679306d7898d749a7e4dafb21f274d5dd",
    "productName": "SPAR Natur*pur Bio-Bourbon-Vanilleschoten 2 Stück",
    "currentPrice": "€1,99",
    "originalPrice": "€2,99",
    "discount": "33% OFF",
    "unitMeasure": "N/A",
    "category": "FOOD",
    "productUrl": "https://www.spar.at/produktwelt/spar-natur-pur-bio-bourbon-vanilleschoten-2-stueck-p1244878",
    "storeName": "SPAR"
  },
  {
    "productHash": "a716ed29b3e7526974aabdae99900349d61c582c",
    "productName": "SPAR Natur*pur Bio-Wiener Kipferl",
    "currentPrice": "€0,99",
    "originalPrice": "€1,49",
    "discount": "34% OFF",
    "unitMeasure": "1 STK",
    "category": "FOOD",
    "productUrl": "https://www.spar.at/produktwelt/spar-natur-pur-bio-wiener-kipferl-p6349424",
    "storeName": "SPAR"
  },
  {
    "productHash": "ada348267cd584f3e05b634867a2984c44b58f46",
    "productName": "SPAR Natur*pur Bio-Roggen-Vollkornmehl fein gemahlen",
    "currentPrice": "€0,99",
    "originalPrice": "€1,19",
    "discount": "17% OFF",
    "unitMeasure": "1 KG",
    "category": "FOOD",
    "productUrl": "https://www.spar.at/produktwelt/spar-natur-pur-bio-roggen-vollkornmehl-fein-gemahlen-p7244674",
    "storeName": "SPAR"
  },
  {
    "productHash": "b550c76d111f104f46c34001d64bf2ec5a043855",
    "productName": "SPAR Natur*pur Bio-Emmentaler aus Heumilch",
    "currentPrice": "€19,90",
    "originalPrice": "€26,90",
    "discount": "26% OFF",
    "unitMeasure": "1 KG",
    "category": "FOOD",
    "productUrl": "https://www.spar.at/produktwelt/spar-natur-pur-bio-emmentaler-aus-heumilch-p1451894",
    "storeName": "SPAR"
  },
  {
    "productHash": "7770766050c05b6a7656abdb2b9dbedbe6ea636d",
    "productName": "SPAR Natur*pur Bio-Basilikum 12g",
    "currentPrice": "€2,79",
    "originalPrice": "€3,49",
    "discount": "20% OFF",
    "unitMeasure": "N/A",
    "category": "FOOD",
    "productUrl": "https://www.spar.at/produktwelt/spar-natur-pur-bio-basilikum-12g-p2020004698087",
    "storeName": "SPAR"
  },
  {
    "productHash": "19ccabb49eeb8b9ed8d1867d9c68f703dd8f1550",
    "productName": "DESPAR Pizza Piccante",
    "currentPrice": "€2,49",
    "originalPrice": "€2,99",
    "discount": "17% OFF",
    "unitMeasure": "437 G",
    "category": "FOOD",
    "productUrl": "https://www.spar.at/produktwelt/despar-pizza-piccante-p2020003109614",
    "storeName": "SPAR"
  },
  {
    "productHash": "2c7d45341e76f243d769b786b14f13fa2708f0d0",
    "productName": "SPAR Cashews geröstet & gesalzen",
    "currentPrice": "€4,49",
    "originalPrice": "€4,99",
    "discount": "10% OFF",
    "unitMeasure": "300 G",
    "category": "FOOD",
    "productUrl": "https://www.spar.at/produktwelt/spar-qualitaetsmarke-cashews-geroestet-gesalzen-p4013303",
    "storeName": "SPAR"
  },
  {
    "productHash": "5be4f1a2bc8a487d9515a693871766cab1b7c291",
    "productName": "DESPAR Fusilli",
    "currentPrice": "€0,99",
    "originalPrice": "€1,59",
    "discount": "38% OFF",
    "unitMeasure": "500 G",
    "category": "FOOD",
    "productUrl": "https://www.spar.at/produktwelt/despar-fusilli-p7365386",
    "storeName": "SPAR"
  },
  {
    "productHash": "7de130665b76ef4f0b7e034b59349f5355180021",
    "productName": "SPAR Natur*pur Bio-Blütenhonig aus Wien",
    "currentPrice": "€7,49",
    "originalPrice": "€8,99",
    "discount": "17% OFF",
    "unitMeasure": "500 G",
    "category": "FOOD",
    "productUrl": "https://www.spar.at/produktwelt/spar-natur-pur-bio-bluetenhonig-aus-wien-p2588155",
    "storeName": "SPAR"
  },
  {
    "productHash": "86bac5ec531352307e64d1ef58832b57cd657c17",
    "productName": "SPAR Natur*pur Bio-Dreizinnenbrot",
    "currentPrice": "€2,69",
    "originalPrice": "€3,49",
    "discount": "23% OFF",
    "unitMeasure": "500 G",
    "category": "FOOD",
    "productUrl": "https://www.spar.at/produktwelt/spar-natur-pur-bio-dreizinnenbrot-p2020005505421",
    "storeName": "SPAR"
  },
  {
    "productHash": "1cc4de23f2572678f571af12034ed945d1518c31",
    "productName": "DESPAR Spaghetti n° 3",
    "currentPrice": "€0,99",
    "originalPrice": "€1,59",
    "discount": "38% OFF",
    "unitMeasure": "500 G",
    "category": "FOOD",
    "productUrl": "https://www.spar.at/produktwelt/despar-spaghetti-n-3-p7364525",
    "storeName": "SPAR"
  },
  {
    "productHash": "0e2de3b36d973bd4ed9dbaf0386df39b0d485329",
    "productName": "SPAR Natur*pur Bio-Hendl Filet sous-vide vorgegart 2 Filets",
    "currentPrice": "€26,99",
    "originalPrice": "€31,99",
    "discount": "16% OFF",
    "unitMeasure": "1 KG",
    "category": "FOOD",
    "productUrl": "https://www.spar.at/produktwelt/spar-natur-pur-bio-hendl-filet-sous-vide-vorgegart-2-filets-p2020004338518",
    "storeName": "SPAR"
  },
  {
    "productHash": "70961a50ccac868d50cfae120ae22e3ac7453d02",
    "productName": "SPAR Natur*pur Italienisches natives Bio-Olivenöl extra",
    "currentPrice": "€12,99",
    "originalPrice": "€14,99",
    "discount": "13% OFF",
    "unitMeasure": "0,75 L",
    "category": "FOOD",
    "productUrl": "https://www.spar.at/produktwelt/spar-natur-pur-italienisches-natives-bio-olivenoel-extra-p6490980",
    "storeName": "SPAR"
  },
  {
    "productHash": "c3598d947197b2eed141c4512f78bb0b5cc564fa",
    "productName": "SPAR Natur*pur Bio-Walnüsse gerieben",
    "currentPrice": "€1,99",
    "originalPrice": "€2,99",
    "discount": "33% OFF",
    "unitMeasure": "200 G",
    "category": "FOOD",
    "productUrl": "https://www.spar.at/produktwelt/spar-natur-pur-bio-walnuesse-gerieben-p2020003849930",
    "storeName": "SPAR"
  },
  {
    "productHash": "5d00234b51f59f76e486452456c27a0932f400fd",
    "productName": "SPAR PREMIUM Spanischer Serrano Schinken Durco Reserva \"Cruce Duroc\"",
    "currentPrice": "€31,90",
    "originalPrice": "€34,90",
    "discount": "9% OFF",
    "unitMeasure": "1 KG",
    "category": "FOOD",
    "productUrl": "https://www.spar.at/produktwelt/spar-premium-spanischer-serrano-schinken-durco-reserva-cruce-duroc-p2020005233553",
    "storeName": "SPAR"
  },
  {
    "productHash": "44a03c3b6bf126d65065e4dd23d189ca841edadf",
    "productName": "SPAR Natur*pur Bio-Wellen-Frites",
    "currentPrice": "€3,49",
    "originalPrice": "€3,99",
    "discount": "13% OFF",
    "unitMeasure": "750 G",
    "category": "FOOD",
    "productUrl": "https://www.spar.at/produktwelt/spar-natur-pur-bio-wellen-frites-p2020004846877",
    "storeName": "SPAR"
  },
  {
    "productHash": "233056500916426d4598cdfe0659a9074a8bafee",
    "productName": "DESPAR Pragaschinken",
    "currentPrice": "€14,90",
    "originalPrice": "€19,90",
    "discount": "25% OFF",
    "unitMeasure": "1 KG",
    "category": "FOOD",
    "productUrl": "https://www.spar.at/produktwelt/despar-pragaschinken-p2020000402190",
    "storeName": "SPAR"
  },
  {
    "productHash": "fe1582eb8cfd172b0b2ee3d0f228dcec622a6de3",
    "productName": "SPAR Natur*pur Bio-Roggenbrot ohne Hefe",
    "currentPrice": "€3,29",
    "originalPrice": "€3,99",
    "discount": "18% OFF",
    "unitMeasure": "1 KG",
    "category": "FOOD",
    "productUrl": "https://www.spar.at/produktwelt/spar-natur-pur-bio-roggenbrot-p2304199",
    "storeName": "SPAR"
  },
  {
    "productHash": "555d2deb167359e5621677b93e74c43c8ab55c76",
    "productName": "SPAR Natur*pur Bio-Kräuter der Provence 15g",
    "currentPrice": "€2,79",
    "originalPrice": "€3,49",
    "discount": "20% OFF",
    "unitMeasure": "N/A",
    "category": "FOOD",
    "productUrl": "https://www.spar.at/produktwelt/spar-natur-pur-bio-kraeuter-der-provence-p2020004698032",
    "storeName": "SPAR"
  },
  {
    "productHash": "f3d8d87e82f14f9a5942b78a6885868085b27f39",
    "productName": "SPAR Natur*pur Bio-Schokolade zum Kochen & Backen",
    "currentPrice": "€3,99",
    "originalPrice": "€4,99",
    "discount": "20% OFF",
    "unitMeasure": "250 G",
    "category": "FOOD",
    "productUrl": "https://www.spar.at/produktwelt/spar-natur-pur-bio-schokolade-zum-kochen-backen-p2020004286574",
    "storeName": "SPAR"
  },
  {
    "productHash": "aa63ebab69cad5482d708c6235507a7ea06c7e89",
    "productName": "DESPAR Farfalle",
    "currentPrice": "€0,99",
    "originalPrice": "€1,59",
    "discount": "38% OFF",
    "unitMeasure": "500 G",
    "category": "FOOD",
    "productUrl": "https://www.spar.at/produktwelt/despar-farfalle-p2020002914066",
    "storeName": "SPAR"
  },
  {
    "productHash": "93979dc5fc2b2ec60e787bbd2fbac1e00a6c581b",
    "productName": "SPAR Schnitte Schoko Kokos",
    "currentPrice": "€1,49",
    "originalPrice": "€1,89",
    "discount": "21% OFF",
    "unitMeasure": "1 STK",
    "category": "FOOD",
    "productUrl": "https://www.spar.at/produktwelt/spar-qualitaetsmarke-schnitte-schoko-kokos-p2020002864569",
    "storeName": "SPAR"
  },
  {
    "productHash": "1535ddce28584f164e06bf4ab400e2ca3af18b82",
    "productName": "SPAR PREMIUM Prosciutto di Parma",
    "currentPrice": "€31,90",
    "originalPrice": "€43,50",
    "discount": "27% OFF",
    "unitMeasure": "1 KG",
    "category": "FOOD",
    "productUrl": "https://www.spar.at/produktwelt/spar-premium-prosciutto-di-parma-p2020001006465",
    "storeName": "SPAR"
  },
  {
    "productHash": "8a1076cf0576b8019e0695843ffdd19066e6c0c2",
    "productName": "DESPAR Pizza Vegetariana",
    "currentPrice": "€2,49",
    "originalPrice": "€2,99",
    "discount": "17% OFF",
    "unitMeasure": "468 G",
    "category": "FOOD",
    "productUrl": "https://www.spar.at/produktwelt/despar-pizza-vegetariana-p2020003109584",
    "storeName": "SPAR"
  },
  {
    "productHash": "24bb2ab9c03f36ee4df8d571967310ffdeb2e463",
    "productName": "SPAR Natur*pur Bio-Speise-Würze",
    "currentPrice": "€1,99",
    "originalPrice": "€2,79",
    "discount": "29% OFF",
    "unitMeasure": "100 ML",
    "category": "FOOD",
    "productUrl": "https://www.spar.at/produktwelt/spar-natur-pur-bio-speise-wuerze-p2020003329258",
    "storeName": "SPAR"
  },
  {
    "productHash": "05b9b0340e16bfe65fa22d93107b351d52d0874b",
    "productName": "SPAR Natur*pur Bio-Skyr-Drink Multifrucht",
    "currentPrice": "€0,99",
    "originalPrice": "€1,29",
    "discount": "23% OFF",
    "unitMeasure": "330 ML",
    "category": "FOOD",
    "productUrl": "https://www.spar.at/produktwelt/spar-natur-pur-bio-skyr-drink-multifrucht-p2020005690424",
    "storeName": "SPAR"
  },
  {
    "productHash": "997d146a67d4a1bbdc46e86ea52122358d0e1139",
    "productName": "SPAR Natur*pur Bio-Beeren-Müsli",
    "currentPrice": "€3,49",
    "originalPrice": "€3,99",
    "discount": "13% OFF",
    "unitMeasure": "375 G",
    "category": "FOOD",
    "productUrl": "https://www.spar.at/produktwelt/spar-natur-pur-bio-beeren-muesli-p2020004338433",
    "storeName": "SPAR"
  },
  {
    "productHash": "043129ca434cdf056753886719e5fd654e57e73e",
    "productName": "SPAR Natur*pur Bio-Bourbon-Vanillezucker",
    "currentPrice": "€0,49",
    "originalPrice": "€0,99",
    "discount": "51% OFF",
    "unitMeasure": "24 G",
    "category": "FOOD",
    "productUrl": "https://www.spar.at/produktwelt/spar-natur-pur-bio-bourbon-vanillezucker-p3068410",
    "storeName": "SPAR"
  },
  {
    "productHash": "ce70932d1670ece453a712ee0ee1ae7b132eb29f",
    "productName": "SPAR Vital Saatenbrot",
    "currentPrice": "€1,99",
    "originalPrice": "€2,49",
    "discount": "20% OFF",
    "unitMeasure": "400 G",
    "category": "FOOD",
    "productUrl": "https://www.spar.at/produktwelt/spar-vital-saatenbrot-p2020005022027",
    "storeName": "SPAR"
  },
  {
    "productHash": "d1b9368fe646711140f1d4b19780191dc7b53de9",
    "productName": "SPAR Schnitte Marille",
    "currentPrice": "€1,49",
    "originalPrice": "€1,89",
    "discount": "21% OFF",
    "unitMeasure": "1 STK",
    "category": "FOOD",
    "productUrl": "https://www.spar.at/produktwelt/spar-qualitaetsmarke-schnitte-marille-p2809656",
    "storeName": "SPAR"
  },
  {
    "productHash": "28c65f81a4d617f313e8f9d975b56d72c150e577",
    "productName": "SPAR Natur*pur Bio-Chiliflocken 30g",
    "currentPrice": "€2,79",
    "originalPrice": "€3,49",
    "discount": "20% OFF",
    "unitMeasure": "N/A",
    "category": "FOOD",
    "productUrl": "https://www.spar.at/produktwelt/spar-natur-pur-bio-chiliflocken-30g-p2020004814883",
    "storeName": "SPAR"
  },
  {
    "productHash": "dcbd6245c6aa8e0461c88d2295f696f5816d3656",
    "productName": "SPAR Natur*pur Bio-Weizenmehl glatt, Type 480",
    "currentPrice": "€0,99",
    "originalPrice": "€1,19",
    "discount": "17% OFF",
    "unitMeasure": "1 KG",
    "category": "FOOD",
    "productUrl": "https://www.spar.at/produktwelt/spar-natur-pur-bio-weizenmehl-glatt-type-480-p2020005405165",
    "storeName": "SPAR"
  },
  {
    "productHash": "63c5613710e50907b35a5378d4f159c98dc214de",
    "productName": "SPAR Sandwich American Style",
    "currentPrice": "€1,79",
    "originalPrice": "€1,99",
    "discount": "10% OFF",
    "unitMeasure": "750 G",
    "category": "FOOD",
    "productUrl": "https://www.spar.at/produktwelt/spar-qualitaetsmarke-sandwich-american-style-p2438283",
    "storeName": "SPAR"
  },
  {
    "productHash": "7b14f3ed8e9cad0ce3dedda22ffbebc65576444c",
    "productName": "SPAR Natur*pur Bio-Oregano 14g",
    "currentPrice": "€2,79",
    "originalPrice": "€3,49",
    "discount": "20% OFF",
    "unitMeasure": "N/A",
    "category": "FOOD",
    "productUrl": "https://www.spar.at/produktwelt/spar-natur-pur-bio-oregano-14g-p2020004059468",
    "storeName": "SPAR"
  },
  {
    "productHash": "15034d13a7513c769d0f8dd2bc0d7b801c69a133",
    "productName": "SPAR Pistazien gesalzen",
    "currentPrice": "€4,49",
    "originalPrice": "€4,99",
    "discount": "10% OFF",
    "unitMeasure": "300 G",
    "category": "FOOD",
    "productUrl": "https://www.spar.at/produktwelt/spar-qualitaetsmarke-pistazien-gesalzen-p4083412",
    "storeName": "SPAR"
  },
  {
    "productHash": "6a708c65e0f3eb1e0f3901546b8daff9c32680c2",
    "productName": "SPAR Natur*pur Österreichischer Bio-Wald- & Blütenhonig",
    "currentPrice": "€7,49",
    "originalPrice": "€8,99",
    "discount": "17% OFF",
    "unitMeasure": "500 G",
    "category": "FOOD",
    "productUrl": "https://www.spar.at/produktwelt/spar-natur-pur-oesterreichischer-bio-wald-bluetenhonig-p1645583",
    "storeName": "SPAR"
  },
  {
    "productHash": "2da78bf47d7deb839ed4d7fac7b17ebe685688db",
    "productName": "SPAR Natur*pur Bio-Ente Filet",
    "currentPrice": "€8,99",
    "originalPrice": "€9,99",
    "discount": "10% OFF",
    "unitMeasure": "240 G",
    "category": "FOOD",
    "productUrl": "https://www.spar.at/produktwelt/spar-natur-pur-bio-ente-filet-p2020004764607",
    "storeName": "SPAR"
  },
  {
    "productHash": "6f84586c5217e4bad1ae03bdd8ecb5e7563e3fbc",
    "productName": "SPAR PREMIUM Mortadella mit Pistazien",
    "currentPrice": "€14,50",
    "originalPrice": "€17,50",
    "discount": "17% OFF",
    "unitMeasure": "1 KG",
    "category": "FOOD",
    "productUrl": "https://www.spar.at/produktwelt/spar-premium-mortadella-mit-pistazien-p2020001900282",
    "storeName": "SPAR"
  },
  {
    "productHash": "384e28965d3b58789f8ceee6d8781440b3798e16",
    "productName": "SPAR Natur*pur Bio-Kartoffel- Kroketten ca. 21 Stück",
    "currentPrice": "€3,49",
    "originalPrice": "€3,99",
    "discount": "13% OFF",
    "unitMeasure": "500 G",
    "category": "FOOD",
    "productUrl": "https://www.spar.at/produktwelt/spar-natur-pur-bio-kartoffel-kroketten-ca-21-stueck-p2020004846778",
    "storeName": "SPAR"
  },
  {
    "productHash": "81efd5193a7ddc2fd951f603503b863e38576394",
    "productName": "SPAR Natur*pur Bio-Weizenmehl glatt, Type 700",
    "currentPrice": "€0,99",
    "originalPrice": "€1,19",
    "discount": "17% OFF",
    "unitMeasure": "1 KG",
    "category": "FOOD",
    "productUrl": "https://www.spar.at/produktwelt/spar-natur-pur-bio-weizenmehl-glatt-type-700-p7243172",
    "storeName": "SPAR"
  },
  {
    "productHash": "687871e2d9afb6ff3b301fb335cbeac362361d8d",
    "productName": "SPAR Natur*pur Bio-Müsli Nüsse",
    "currentPrice": "€3,49",
    "originalPrice": "€3,99",
    "discount": "13% OFF",
    "unitMeasure": "500 G",
    "category": "FOOD",
    "productUrl": "https://www.spar.at/produktwelt/spar-natur-pur-bio-nuss-muesli-p2020004338372",
    "storeName": "SPAR"
  },
  {
    "productHash": "eef53b95b095d561dc3827a606cff5228cb352ce",
    "productName": "DESPAR Spaghetti n° 5",
    "currentPrice": "€0,99",
    "originalPrice": "€1,59",
    "discount": "38% OFF",
    "unitMeasure": "500 G",
    "category": "FOOD",
    "productUrl": "https://www.spar.at/produktwelt/despar-spaghetti-n-5-p7365270",
    "storeName": "SPAR"
  },
  {
    "productHash": "809e1a593caddd972c0b2f424a379b6efa9d4ac4",
    "productName": "SPAR Natur*pur Bio-Aceto Balsamico di Modena I.G.P.",
    "currentPrice": "€3,79",
    "originalPrice": "€4,79",
    "discount": "21% OFF",
    "unitMeasure": "0,5 L",
    "category": "FOOD",
    "productUrl": "https://www.spar.at/produktwelt/spar-natur-pur-bio-aceto-balsamico-di-modena-i-g-p-p5903177",
    "storeName": "SPAR"
  },
  {
    "productHash": "617bb4ab2e33ea207fd57ee3a47b3cfa7e190647",
    "productName": "SPAR Natur*pur Bio-Hafer-Granola",
    "currentPrice": "€3,49",
    "originalPrice": "€3,99",
    "discount": "13% OFF",
    "unitMeasure": "750 G",
    "category": "FOOD",
    "productUrl": "https://www.spar.at/produktwelt/spar-natur-pur-bio-hafer-granola-p2020004338303",
    "storeName": "SPAR"
  },
  {
    "productHash": "5ff65a402dfab2fe1874fb3bfe22308c26f8b1b3",
    "productName": "SPAR Natur*pur Bio-Fitnesstange",
    "currentPrice": "€0,99",
    "originalPrice": "€1,49",
    "discount": "34% OFF",
    "unitMeasure": "1 STK",
    "category": "FOOD",
    "productUrl": "https://www.spar.at/produktwelt/spar-natur-pur-bio-fitnesstange-p2020003709739",
    "storeName": "SPAR"
  },
  {
    "productHash": "28d07af28d02ce496ea10670c85ebe9a80ab0e6c",
    "productName": "SPAR Natur*pur Bio-Ente Keulen",
    "currentPrice": "€8,99",
    "originalPrice": "€9,99",
    "discount": "10% OFF",
    "unitMeasure": "400 G",
    "category": "FOOD",
    "productUrl": "https://www.spar.at/produktwelt/spar-natur-pur-bio-ente-keulen-p2020004764614",
    "storeName": "SPAR"
  },
  {
    "productHash": "799d8a0487b04a7fb5969714927e5be9036557f8",
    "productName": "SPAR Natur*pur Bio-Vollkorn-Grieß-Brei",
    "currentPrice": "€1,99",
    "originalPrice": "€2,29",
    "discount": "13% OFF",
    "unitMeasure": "250 G",
    "category": "FOOD",
    "productUrl": "https://www.spar.at/produktwelt/spar-natur-pur-bio-vollkorn-griess-brei-p2020003834820",
    "storeName": "SPAR"
  },
  {
    "productHash": "ae5563b16f32dbf2ba21f0bfac94b8b28255b68a",
    "productName": "SPAR Natur*pur Bio-Roggenbrotmehl Type 960 1KG",
    "currentPrice": "€0,99",
    "originalPrice": "€1,19",
    "discount": "17% OFF",
    "unitMeasure": "1 KG",
    "category": "FOOD",
    "productUrl": "https://www.spar.at/produktwelt/spar-natur-pur-bio-roggenbrotmehl-type-960-p2020004062291",
    "storeName": "SPAR"
  },
  {
    "productHash": "01d445fc4ce0d1c34060311ac7efe377ce042f5e",
    "productName": "SPAR Natur*pur Bio-Hendl Filet frisch",
    "currentPrice": "€26,99",
    "originalPrice": "€30,99",
    "discount": "13% OFF",
    "unitMeasure": "1 KG",
    "category": "FOOD",
    "productUrl": "https://www.spar.at/produktwelt/spar-natur-pur-bio-hendl-filet-frisch-hkl-a-p7785252",
    "storeName": "SPAR"
  },
  {
    "productHash": "05aa9570e15f9b62b4fbacec748bcf633e55f92b",
    "productName": "SPAR Natur*pur Bio-Tortilla-Chips",
    "currentPrice": "€1,00",
    "originalPrice": "€1,49",
    "discount": "33% OFF",
    "unitMeasure": "125 G",
    "category": "FOOD",
    "productUrl": "https://www.spar.at/produktwelt/spar-natur-pur-bio-tortilla-chips-p2020002576066",
    "storeName": "SPAR"
  },
  {
    "productHash": "1b5eb697074161d17f0758f9b4fae7496c8bf28b",
    "productName": "SPAR Natur*pur Bio-Käsekrainer",
    "currentPrice": "€3,69",
    "originalPrice": "€3,79",
    "discount": "3% OFF",
    "unitMeasure": "220 G",
    "category": "FOOD",
    "productUrl": "https://www.spar.at/produktwelt/spar-natur-pur-bio-kaesekrainer-p2020002228125",
    "storeName": "SPAR"
  },
  {
    "productHash": "019acf454e8e01c6b7ec8237a0faaf095e90f7a0",
    "productName": "SPAR Natur*pur Mediterrane Bio-Mischung 40g",
    "currentPrice": "€2,79",
    "originalPrice": "€3,49",
    "discount": "20% OFF",
    "unitMeasure": "N/A",
    "category": "FOOD",
    "productUrl": "https://www.spar.at/produktwelt/spar-natur-pur-mediterrane-bio-mischung-40g-p2020004698230",
    "storeName": "SPAR"
  },
  {
    "productHash": "d86fb80e1b8bc814968874ddb727df90ba7d70bd",
    "productName": "SPAR Natur*pur Bio-Weizen-Vollkornmehl fein gemahlen",
    "currentPrice": "€0,99",
    "originalPrice": "€1,19",
    "discount": "17% OFF",
    "unitMeasure": "1 KG",
    "category": "FOOD",
    "productUrl": "https://www.spar.at/produktwelt/spar-natur-pur-bio-weizen-vollkornmehl-fein-gemahlen-p2864020",
    "storeName": "SPAR"
  },
  {
    "productHash": "b88558c4c121a7e534252ebf1b21d5d3bee0588f",
    "productName": "SPAR Natur*pur Bio-Curry 40g",
    "currentPrice": "€2,79",
    "originalPrice": "€3,49",
    "discount": "20% OFF",
    "unitMeasure": "N/A",
    "category": "FOOD",
    "productUrl": "https://www.spar.at/produktwelt/spar-natur-pur-bio-curry-40g-p2020004698124",
    "storeName": "SPAR"
  },
  {
    "productHash": "ddf745f269fdf08f9849db1826734a4233e46ba3",
    "productName": "SPAR Natur*pur Bio-Backofen-Frites",
    "currentPrice": "€3,49",
    "originalPrice": "€3,99",
    "discount": "13% OFF",
    "unitMeasure": "500 G",
    "category": "FOOD",
    "productUrl": "https://www.spar.at/produktwelt/spar-natur-pur-bio-backofen-frites-p2020004846716",
    "storeName": "SPAR"
  },
  {
    "productHash": "96c1c3893e84f3543ca72be7fe26cd67e88e63ea",
    "productName": "SPAR Natur*pur Bio-Paprika edelsüß 40g",
    "currentPrice": "€2,79",
    "originalPrice": "€3,49",
    "discount": "20% OFF",
    "unitMeasure": "N/A",
    "category": "FOOD",
    "productUrl": "https://www.spar.at/produktwelt/spar-natur-pur-bio-paprika-edelsuess-40g-p2020004698209",
    "storeName": "SPAR"
  },
  {
    "productHash": "7c48b41c91526363945cbad826c85000715744f4",
    "productName": "SPAR Natur*pur Bio-Ricotta-Spinat-Ravioli 2 Portionen",
    "currentPrice": "€2,49",
    "originalPrice": "€3,59",
    "discount": "31% OFF",
    "unitMeasure": "250 G",
    "category": "FOOD",
    "productUrl": "https://www.spar.at/produktwelt/spar-natur-pur-bio-ricotta-spinat-ravioli-2-portionen-p2020000887379",
    "storeName": "SPAR"
  },
  {
    "productHash": "e4ac822ba2eff26f926df64ad2fbf39827ebfff0",
    "productName": "SPAR Natur*pur Bio-Pufuleti",
    "currentPrice": "€1,00",
    "originalPrice": "€1,29",
    "discount": "22% OFF",
    "unitMeasure": "80 G",
    "category": "FOOD",
    "productUrl": "https://www.spar.at/produktwelt/spar-natur-pur-bio-pufuleti-p2020000706427",
    "storeName": "SPAR"
  },
  {
    "productHash": "eafaac34c530b7ae3c48430f00956790d9896da7",
    "productName": "SPAR schaut drauf Eier aus Bodenhaltung Für mehr Tierwohl Größe L",
    "currentPrice": "€2,59",
    "originalPrice": "€N/A",
    "discount": "N/A",
    "unitMeasure": "6 STK",
    "category": "FOOD",
    "productUrl": "https://www.spar.at/produktwelt/spar-qualitaetsmarke-schaut-drauf-eier-aus-bodenhaltung-fuer-mehr-tierwohl-groesse-l-p2187549",
    "storeName": "SPAR"
  },
  {
    "productHash": "0c8eb5e30761cb91ea7a0d8605572a9623087354",
    "productName": "SPAR Natur*pur Bio-Steakpfeffer scharf 45g",
    "currentPrice": "€2,79",
    "originalPrice": "€3,49",
    "discount": "20% OFF",
    "unitMeasure": "N/A",
    "category": "FOOD",
    "productUrl": "https://www.spar.at/produktwelt/spar-natur-pur-bio-steakpfeffer-45g-p2020005906655",
    "storeName": "SPAR"
  },
  {
    "productHash": "d89484399cb56f0c2bd60a55c8c55f63a2cf5178",
    "productName": "SPAR Natur*pur Bio-Rösti ca. 14 Stück",
    "currentPrice": "€3,49",
    "originalPrice": "€3,99",
    "discount": "13% OFF",
    "unitMeasure": "500 G",
    "category": "FOOD",
    "productUrl": "https://www.spar.at/produktwelt/spar-natur-pur-bio-roesti-ca-14-stueck-p2020004846723",
    "storeName": "SPAR"
  },
  {
    "productHash": "2922a77fccce3dec2fa35456e3bc12f60393ae37",
    "productName": "SPAR Natur*pur Bio-Garnelen",
    "currentPrice": "€5,99",
    "originalPrice": "€6,49",
    "discount": "8% OFF",
    "unitMeasure": "225 G",
    "category": "FOOD",
    "productUrl": "https://www.spar.at/produktwelt/spar-natur-pur-bio-garnelen-p2020004036469",
    "storeName": "SPAR"
  },
  {
    "productHash": "3bf632858b14fb77422dd51d6c9f9d748cbf9096",
    "productName": "SPAR Natur*pur Bio-Skyr-Drink Apfel-Beere",
    "currentPrice": "€0,99",
    "originalPrice": "€1,29",
    "discount": "23% OFF",
    "unitMeasure": "330 ML",
    "category": "FOOD",
    "productUrl": "https://www.spar.at/produktwelt/spar-natur-pur-bio-skyr-drink-apfel-beere-p2020005690226",
    "storeName": "SPAR"
  },
  {
    "productHash": "3e8d5b80e261b2acf5eb313a65014f5fc706b5c0",
    "productName": "SPAR Natur*pur Bio-Dinkel-Granola",
    "currentPrice": "€3,49",
    "originalPrice": "€3,99",
    "discount": "13% OFF",
    "unitMeasure": "750 G",
    "category": "FOOD",
    "productUrl": "https://www.spar.at/produktwelt/spar-natur-pur-bio-dinkel-granola-p2020004338341",
    "storeName": "SPAR"
  },
  {
    "productHash": "d73d02f8c4db63484212bb02895a9a852325ee1c",
    "productName": "SPAR Natur*pur Bio-Flesserl",
    "currentPrice": "€0,76",
    "originalPrice": "€1,15",
    "discount": "34% OFF",
    "unitMeasure": "1 STK",
    "category": "FOOD",
    "productUrl": "https://www.spar.at/produktwelt/spar-natur-pur-bio-flesserl-p5989768",
    "storeName": "SPAR"
  },
  {
    "productHash": "d5e33b8e1ba318385ea9c86b56f826d23560d493",
    "productName": "SPAR Natur*pur Bio-Frankfurter 4 x 60g",
    "currentPrice": "€3,69",
    "originalPrice": "€4,39",
    "discount": "16% OFF",
    "unitMeasure": "240 G",
    "category": "FOOD",
    "productUrl": "https://www.spar.at/produktwelt/spar-natur-pur-bio-frankfurter-4-x-60g-p6431648",
    "storeName": "SPAR"
  },
  {
    "productHash": "a7edd4a8ca22e6ad92334dd2037e81251f4a0baf",
    "productName": "SPAR PREMIUM Ciabatta",
    "currentPrice": "€1,79",
    "originalPrice": "€1,99",
    "discount": "10% OFF",
    "unitMeasure": "300 G",
    "category": "FOOD",
    "productUrl": "https://www.spar.at/produktwelt/spar-premium-ciabatta-p2020005779594",
    "storeName": "SPAR"
  },
  {
    "productHash": "30483341f45347c1be3bdb62c310220a6b55e3ea",
    "productName": "SPAR Natur*pur Bio-Kurkuma 45g",
    "currentPrice": "€2,79",
    "originalPrice": "€3,49",
    "discount": "20% OFF",
    "unitMeasure": "N/A",
    "category": "FOOD",
    "productUrl": "https://www.spar.at/produktwelt/spar-natur-pur-bio-kurkuma-45g-p2020004698254",
    "storeName": "SPAR"
  },
  {
    "productHash": "9e046303c73de31d5870047a2abc0b842922603c",
    "productName": "SPAR Natur*pur Bio-Knacker 2 x 125g",
    "currentPrice": "€3,69",
    "originalPrice": "€3,79",
    "discount": "3% OFF",
    "unitMeasure": "250 G",
    "category": "FOOD",
    "productUrl": "https://www.spar.at/produktwelt/spar-natur-pur-bio-knacker-2-x-125g-p6446741",
    "storeName": "SPAR"
  },
  {
    "productHash": "4ea0605bddd369877e9714138891d891be09e0da",
    "productName": "SPAR Natur*pur Pizzamehl",
    "currentPrice": "€0,99",
    "originalPrice": "€1,19",
    "discount": "17% OFF",
    "unitMeasure": "1 KG",
    "category": "FOOD",
    "productUrl": "https://www.spar.at/produktwelt/spar-natur-pur-pizzamehl-p2020003499593",
    "storeName": "SPAR"
  },
  {
    "productHash": "93368c1443c2d6fcc711a224d00397691199d2b7",
    "productName": "SPAR Natur*pur Bio-Weckerl mit Bio-Sauerteig 4 Stück",
    "currentPrice": "€1,59",
    "originalPrice": "€1,79",
    "discount": "11% OFF",
    "unitMeasure": "250 G",
    "category": "FOOD",
    "productUrl": "https://www.spar.at/produktwelt/spar-natur-pur-bio-weckerl-mit-bio-sauerteig-4-stueck-p2020004023483",
    "storeName": "SPAR"
  },
  {
    "productHash": "c9ab12c0d239523ba3cb8b93e7d5754577befd96",
    "productName": "SPAR Natur*pur Bio-Bircher-Müsli",
    "currentPrice": "€3,49",
    "originalPrice": "€3,99",
    "discount": "13% OFF",
    "unitMeasure": "500 G",
    "category": "FOOD",
    "productUrl": "https://www.spar.at/produktwelt/spar-natur-pur-bio-bircher-muesli-p2020005362468",
    "storeName": "SPAR"
  },
  {
    "productHash": "ae3ae72eed7907ed5392a3d7c5649adcf900d58e",
    "productName": "SPAR Natur*pur Bio-Kümmel ganz 50g",
    "currentPrice": "€2,79",
    "originalPrice": "€3,49",
    "discount": "20% OFF",
    "unitMeasure": "N/A",
    "category": "FOOD",
    "productUrl": "https://www.spar.at/produktwelt/spar-natur-pur-bio-kuemmel-ganz-50g-p2020004059444",
    "storeName": "SPAR"
  },
  {
    "productHash": "1ff48bcc9b808a785e9c3f36ec8ce745a4e522aa",
    "productName": "SPAR Natur*pur Bio-Petersilie 16g",
    "currentPrice": "€2,79",
    "originalPrice": "€3,49",
    "discount": "20% OFF",
    "unitMeasure": "N/A",
    "category": "FOOD",
    "productUrl": "https://www.spar.at/produktwelt/spar-natur-pur-bio-petersilie-16g-p2020004059499",
    "storeName": "SPAR"
  },
  {
    "productHash": "c0281e18153db26a84470075ba0fab5a75c8e626",
    "productName": "SPAR 100% reines Rapsöl",
    "currentPrice": "€4,99",
    "originalPrice": "€6,99",
    "discount": "29% OFF",
    "unitMeasure": "2 L",
    "category": "FOOD",
    "productUrl": "https://www.spar.at/produktwelt/spar-qualitaetsmarke-100-reines-rapsoel-p104791",
    "storeName": "SPAR"
  },
  {
    "productHash": "df5b268908e97489b90ff6bdab27caee99598601",
    "productName": "SPAR Natur*pur Bio-Koriander-Blätter 12g",
    "currentPrice": "€2,79",
    "originalPrice": "€3,49",
    "discount": "20% OFF",
    "unitMeasure": "N/A",
    "category": "FOOD",
    "productUrl": "https://www.spar.at/produktwelt/spar-natur-pur-bio-koriander-blaetter-12g-p2020004059390",
    "storeName": "SPAR"
  },
  {
    "productHash": "1fcc3ff75a9f96927876f2dd57bd4914eab4317c",
    "productName": "SPAR Natur*pur Ganzer Bio-Pfeffer bunt 60g",
    "currentPrice": "€2,79",
    "originalPrice": "€3,99",
    "discount": "30% OFF",
    "unitMeasure": "N/A",
    "category": "FOOD",
    "productUrl": "https://www.spar.at/produktwelt/spar-natur-pur-ganzer-bio-pfeffer-bunt-60g-p2020005906624",
    "storeName": "SPAR"
  },
  {
    "productHash": "c10a12d430820fb2c1003b595636603661b97cf5",
    "productName": "SPAR Sonnenblumenöl",
    "currentPrice": "€4,99",
    "originalPrice": "€6,99",
    "discount": "29% OFF",
    "unitMeasure": "2 L",
    "category": "FOOD",
    "productUrl": "https://www.spar.at/produktwelt/spar-qualitaetsmarke-sonnenblumenoel-p3274033",
    "storeName": "SPAR"
  },
  {
    "productHash": "2d1850f9a3d6caacd7d4636e759fc5256fdc9f4c",
    "productName": "SPAR Natur*pur Bio-Parmigiano Reggiano DOP gerieben",
    "currentPrice": "€1,79",
    "originalPrice": "€2,09",
    "discount": "14% OFF",
    "unitMeasure": "50 G",
    "category": "FOOD",
    "productUrl": "https://www.spar.at/produktwelt/spar-natur-pur-bio-parmigiano-reggiano-dop-gerieben-p2020004784735",
    "storeName": "SPAR"
  },
  {
    "productHash": "210bc88977837f607f7fa864671062d5ce96cf25",
    "productName": "SPAR Natur*pur Bio-Weizen-Brotmehl Typ 1600",
    "currentPrice": "€0,99",
    "originalPrice": "€1,19",
    "discount": "17% OFF",
    "unitMeasure": "1 KG",
    "category": "FOOD",
    "productUrl": "https://www.spar.at/produktwelt/spar-natur-pur-bio-weizen-brotmehl-typ-1600-p2020004062161",
    "storeName": "SPAR"
  },
  {
    "productHash": "117b7362b17c2074b7000eba8fd037bbfe5e275e",
    "productName": "SPAR Natur*pur Bio-Brot-Gewürz 40g",
    "currentPrice": "€2,79",
    "originalPrice": "€3,49",
    "discount": "20% OFF",
    "unitMeasure": "N/A",
    "category": "FOOD",
    "productUrl": "https://www.spar.at/produktwelt/spar-natur-pur-bio-brot-gewuerz-40g-p2020004059338",
    "storeName": "SPAR"
  },
  {
    "productHash": "eb4d84e786ea5c7d139069151e3db2e9f5af6649",
    "productName": "SPAR Schokodekor Streuer 4 Kammern",
    "currentPrice": "€2,49",
    "originalPrice": "€3,99",
    "discount": "38% OFF",
    "unitMeasure": "120 G",
    "category": "FOOD",
    "productUrl": "https://www.spar.at/produktwelt/spar-qualitaetsmarke-schokostreuer-4-kammer-streuer-p2020005742222",
    "storeName": "SPAR"
  },
  {
    "productHash": "5ba236fba20e85a02ef6e75949740d367c4e78d7",
    "productName": "DESPAR Penne Rigate",
    "currentPrice": "€0,99",
    "originalPrice": "€1,59",
    "discount": "38% OFF",
    "unitMeasure": "500 G",
    "category": "FOOD",
    "productUrl": "https://www.spar.at/produktwelt/despar-penne-rigate-p7365669",
    "storeName": "SPAR"
  },
  {
    "productHash": "6b564bec64aa434c4852ee8d55597e08ef35cf99",
    "productName": "SPAR Natur*pur Bio-Mais-Ringerl Karotte & Kürbis",
    "currentPrice": "€0,59",
    "originalPrice": "€0,89",
    "discount": "34% OFF",
    "unitMeasure": "30 G",
    "category": "FOOD",
    "productUrl": "https://www.spar.at/produktwelt/spar-natur-pur-bio-mais-ringerl-karotte-kuerbis-p2020003842801",
    "storeName": "SPAR"
  },
  {
    "productHash": "0a1b512e65ae757566b40196d3457a0dc55bee11",
    "productName": "SPAR Natur*pur Bio-Bratkartoffel- Gewürzzubereitung 40g",
    "currentPrice": "€2,79",
    "originalPrice": "€3,49",
    "discount": "20% OFF",
    "unitMeasure": "N/A",
    "category": "FOOD",
    "productUrl": "https://www.spar.at/produktwelt/spar-natur-pur-bio-bratkartoffel-gewuerzzubereitung-40g-p2020004059260",
    "storeName": "SPAR"
  },
  {
    "productHash": "645797340a56176d16668b71a721ff9a7802842a",
    "productName": "TANN Bauernschinken",
    "currentPrice": "€17,90",
    "originalPrice": "€21,90",
    "discount": "18% OFF",
    "unitMeasure": "1 KG",
    "category": "FOOD",
    "productUrl": "https://www.spar.at/produktwelt/tann-bauernschinken-p695404",
    "storeName": "SPAR"
  },
  {
    "productHash": "7ee66a7121ddf6e96fa99b5d3163dc5b6551c246",
    "productName": "TANN Extra-Pikant per KG",
    "currentPrice": "€11,90",
    "originalPrice": "€15,90",
    "discount": "25% OFF",
    "unitMeasure": "1 KG",
    "category": "FOOD",
    "productUrl": "https://www.spar.at/produktwelt/tann-extra-pikant-per-kg-p6986759",
    "storeName": "SPAR"
  },
  {
    "productHash": "fb4d95e5a2416a56c76a20fa62262329646b8065",
    "productName": "TANN Extrawurst per Stück",
    "currentPrice": "€2,49",
    "originalPrice": "€3,29",
    "discount": "24% OFF",
    "unitMeasure": "500 G",
    "category": "FOOD",
    "productUrl": "https://www.spar.at/produktwelt/tann-extrawurst-per-stueck-p673402",
    "storeName": "SPAR"
  },
  {
    "productHash": "c1ecf07cbf53bdec336fc22e4d39d8498777df29",
    "productName": "TANN Burgunderschinken per KG",
    "currentPrice": "€17,90",
    "originalPrice": "€21,90",
    "discount": "18% OFF",
    "unitMeasure": "1 KG",
    "category": "FOOD",
    "productUrl": "https://www.spar.at/produktwelt/tann-burgunderschinken-p400060",
    "storeName": "SPAR"
  },
  {
    "productHash": "5406fc89fe6e177fbf78a8ff20c46c6116b58c04",
    "productName": "TANN Frankfurter",
    "currentPrice": "€7,99",
    "originalPrice": "€11,99",
    "discount": "33% OFF",
    "unitMeasure": "1 KG",
    "category": "FOOD",
    "productUrl": "https://www.spar.at/produktwelt/tann-frankfurter-p7943270",
    "storeName": "SPAR"
  },
  {
    "productHash": "8b9d895ca7234e5e412c3a96c2c5121620dfd022",
    "productName": "TANN Wernberger Rostbratwürstel per Packung",
    "currentPrice": "€2,99",
    "originalPrice": "€3,69",
    "discount": "19% OFF",
    "unitMeasure": "300 G",
    "category": "FOOD",
    "productUrl": "https://www.spar.at/produktwelt/tann-wernberger-rostbratwuerstel-per-packung-p5345113",
    "storeName": "SPAR"
  },
  {
    "productHash": "00cfea78dbfe3504986edb7b4214378f2bb30fdd",
    "productName": "TANN Putenextra pikant per kg",
    "currentPrice": "€11,90",
    "originalPrice": "€16,90",
    "discount": "30% OFF",
    "unitMeasure": "1 KG",
    "category": "FOOD",
    "productUrl": "https://www.spar.at/produktwelt/tann-putenextra-pikant-per-kg-p2020003887901",
    "storeName": "SPAR"
  },
  {
    "productHash": "c4b6ae127125a1902abea2a1f4b5716cc6a0ea57",
    "productName": "TANN Gurkerl-Extra",
    "currentPrice": "€11,90",
    "originalPrice": "€15,90",
    "discount": "25% OFF",
    "unitMeasure": "1 KG",
    "category": "FOOD",
    "productUrl": "https://www.spar.at/produktwelt/tann-gurkerl-extra-p3556870",
    "storeName": "SPAR"
  },
  {
    "productHash": "d7cffd70945b75c0c9c528ef7899c7cf7c496cab",
    "productName": "TANN Speckwürfel",
    "currentPrice": "€2,99",
    "originalPrice": "€3,39",
    "discount": "12% OFF",
    "unitMeasure": "150 G",
    "category": "FOOD",
    "productUrl": "https://www.spar.at/produktwelt/tann-speckwuerfel-per-packung-p7772030",
    "storeName": "SPAR"
  },
  {
    "productHash": "5406ca36e495e901a2093825e39cdcd48bd4b270",
    "productName": "TANN Faschierte Laibchen",
    "currentPrice": "€2,29",
    "originalPrice": "€2,49",
    "discount": "8% OFF",
    "unitMeasure": "1 STK",
    "category": "FOOD",
    "productUrl": "https://www.spar.at/produktwelt/tann-faschierte-laibchen-p2020001822355",
    "storeName": "SPAR"
  },
  {
    "productHash": "f92fc8042f3c28028e7b29282c0fd3b1b08f92d9",
    "productName": "TANN Honigkrustenschinken",
    "currentPrice": "€17,90",
    "originalPrice": "€21,90",
    "discount": "18% OFF",
    "unitMeasure": "1 KG",
    "category": "FOOD",
    "productUrl": "https://www.spar.at/produktwelt/tann-krustenschinken-p221771",
    "storeName": "SPAR"
  },
  {
    "productHash": "c8548fece0d06342de74224accb2788256430800",
    "productName": "TANN Extrawurst per KG",
    "currentPrice": "€11,90",
    "originalPrice": "€14,90",
    "discount": "20% OFF",
    "unitMeasure": "1 KG",
    "category": "FOOD",
    "productUrl": "https://www.spar.at/produktwelt/tann-extrawurst-per-kg-p6988708",
    "storeName": "SPAR"
  },
  {
    "productHash": "82f0a15f935db21f277eb59e897a958e2c91be5b",
    "productName": "Bertagni Sugo all'arrabbiata",
    "currentPrice": "€1,49",
    "originalPrice": "€2,99",
    "discount": "50% OFF",
    "unitMeasure": "285 G",
    "category": "FOOD",
    "productUrl": "https://www.spar.at/produktwelt/bertagni-sugo-all-arrabbiata-p2020004402424",
    "storeName": "SPAR"
  },
  {
    "productHash": "ef3dcdabf535320e3387aa773c3da1a297082fb5",
    "productName": "Soletti Salzstangerl Sesam",
    "currentPrice": "€1,39",
    "originalPrice": "€2,79",
    "discount": "50% OFF",
    "unitMeasure": "230 G",
    "category": "FOOD",
    "productUrl": "https://www.spar.at/produktwelt/soletti-salzstangerl-sesam-p2020003831096",
    "storeName": "SPAR"
  },
  {
    "productHash": "72391c907881d88fbeae5d843f59646ab3a3c471",
    "productName": "Reiter Schwarzwälder",
    "currentPrice": "€21,90",
    "originalPrice": "€29,90",
    "discount": "27% OFF",
    "unitMeasure": "1 KG",
    "category": "FOOD",
    "productUrl": "https://www.spar.at/produktwelt/reiter-schwarzwaelder-p3170021",
    "storeName": "SPAR"
  },
  {
    "productHash": "86643383e48363f2ee0ce99b4a74b51059aebdea",
    "productName": "NÖM Fru Fru Kirsche",
    "currentPrice": "€0,47",
    "originalPrice": "€0,95",
    "discount": "51% OFF",
    "unitMeasure": "200 G",
    "category": "FOOD",
    "productUrl": "https://www.spar.at/produktwelt/noem-fru-fru-kirsche-p5303885",
    "storeName": "SPAR"
  },
  {
    "productHash": "1ab339665ca004cd6aecd14529e6628c2e202bce",
    "productName": "Eskimo Magnum Mini Classic + Almond + White 6 Stück",
    "currentPrice": "€7,29",
    "originalPrice": "€N/A",
    "discount": "N/A",
    "unitMeasure": "330 ML",
    "category": "FOOD",
    "productUrl": "https://www.spar.at/produktwelt/eskimo-magnum-mini-classic-almond-white-chocolate-6-stueck-p2020002342579",
    "storeName": "SPAR"
  },
  {
    "productHash": "8bb10c518126f8f464aca3f73c38e0b002a2fdae",
    "productName": "Kelly's POM-BÄR Sour Cream Style",
    "currentPrice": "€1,14",
    "originalPrice": "€2,29",
    "discount": "50% OFF",
    "unitMeasure": "65 G",
    "category": "FOOD",
    "productUrl": "https://www.spar.at/produktwelt/kelly-s-pom-baer-sour-cream-style-p2247786",
    "storeName": "SPAR"
  },
  {
    "productHash": "3a078b80ba8f17cf63e4e2ba846ebe5b4a426203",
    "productName": "OATLY Bio Haferdrink Barista",
    "currentPrice": "€1,99",
    "originalPrice": "€2,79",
    "discount": "29% OFF",
    "unitMeasure": "1 L",
    "category": "FOOD",
    "productUrl": "https://www.spar.at/produktwelt/oatly-bio-haferdrink-barista-p2020005265004",
    "storeName": "SPAR"
  },
  {
    "productHash": "cf8c0691ac79da0ccf65e9d8a210119185c36380",
    "productName": "GM Pesendorfer Studentenfutter",
    "currentPrice": "€5,99",
    "originalPrice": "€6,49",
    "discount": "8% OFF",
    "unitMeasure": "350 G",
    "category": "FOOD",
    "productUrl": "https://www.spar.at/produktwelt/gm-pesendorfer-studentenfutter-p2020002668266",
    "storeName": "SPAR"
  },
  {
    "productHash": "92709fa38c10bebb5c1cb6b63bbb58999efbbcef",
    "productName": "Iglo Fang-Frisch Königsgarnelen",
    "currentPrice": "€7,99",
    "originalPrice": "€11,99",
    "discount": "33% OFF",
    "unitMeasure": "250 G",
    "category": "FOOD",
    "productUrl": "https://www.spar.at/produktwelt/iglo-fang-frisch-koenigsgarnelen-p2020002893002",
    "storeName": "SPAR"
  },
  {
    "productHash": "1900406a7321f27f01f755c2bf4f99f8ce6cd3e3",
    "productName": "Eskimo Magnum Classic 4 Stück",
    "currentPrice": "€7,29",
    "originalPrice": "€N/A",
    "discount": "N/A",
    "unitMeasure": "400 ML",
    "category": "FOOD",
    "productUrl": "https://www.spar.at/produktwelt/eskimo-magnum-classic-4-stueck-p2020004929525",
    "storeName": "SPAR"
  },
  {
    "productHash": "126ea5fe90b744227fc682a7d106862c51688ee3",
    "productName": "NÖM Fru Fru Fru Fru Waldbeere",
    "currentPrice": "€0,47",
    "originalPrice": "€0,95",
    "discount": "51% OFF",
    "unitMeasure": "200 G",
    "category": "FOOD",
    "productUrl": "https://www.spar.at/produktwelt/noem-fru-fru-fru-fru-waldbeere-p5303892",
    "storeName": "SPAR"
  },
  {
    "productHash": "ea0ee295e6875190254e2dd219b5dbc0f5934515",
    "productName": "Manner Schnitten Zitronencreme 4 x 75g",
    "currentPrice": "€3,29",
    "originalPrice": "€3,69",
    "discount": "11% OFF",
    "unitMeasure": "300 G",
    "category": "FOOD",
    "productUrl": "https://www.spar.at/produktwelt/manner-schnitten-zitronencreme-4-x-75g-p2020000397663",
    "storeName": "SPAR"
  },
  {
    "productHash": "0c2ed43f78407a92c8555de2fe9f23556a3968ba",
    "productName": "Eskimo Magnum White Chocolate Strawberry 4 Stück",
    "currentPrice": "€7,29",
    "originalPrice": "€N/A",
    "discount": "N/A",
    "unitMeasure": "400 ML",
    "category": "FOOD",
    "productUrl": "https://www.spar.at/produktwelt/eskimo-magnum-white-chocolate-strawberry-4-stueck-p2020004929587",
    "storeName": "SPAR"
  },
  {
    "productHash": "b428384a40e2802e17dcc5a2c4d6b4ede6d6753a",
    "productName": "Soletti Salzstangerl",
    "currentPrice": "€1,39",
    "originalPrice": "€2,79",
    "discount": "50% OFF",
    "unitMeasure": "230 G",
    "category": "FOOD",
    "productUrl": "https://www.spar.at/produktwelt/soletti-salzstangerl-p6988265",
    "storeName": "SPAR"
  },
  {
    "productHash": "f67a61e0cf674187bdab7919ee0cc332a7304f84",
    "productName": "Philadelphia Klassisch Kräuter",
    "currentPrice": "€1,99",
    "originalPrice": "€2,49",
    "discount": "20% OFF",
    "unitMeasure": "175 G",
    "category": "FOOD",
    "productUrl": "https://www.spar.at/produktwelt/philadelphia-klassisch-kraeuter-p6931247",
    "storeName": "SPAR"
  },
  {
    "productHash": "af928d58d0ea8032e9fcd7fc3c09cb99e9892af6",
    "productName": "Ölz Mohn-Stollen",
    "currentPrice": "€4,79",
    "originalPrice": "€5,99",
    "discount": "20% OFF",
    "unitMeasure": "700 G",
    "category": "FOOD",
    "productUrl": "https://www.spar.at/produktwelt/oelz-mohn-stollen-p800174",
    "storeName": "SPAR"
  },
  {
    "productHash": "265bb53b9301ce4468f5708000455e70b2ec41e4",
    "productName": "Schärdinger Protein Traum Kakao",
    "currentPrice": "€0,97",
    "originalPrice": "€1,95",
    "discount": "50% OFF",
    "unitMeasure": "750 G",
    "category": "FOOD",
    "productUrl": "https://www.spar.at/produktwelt/schaerdinger-protein-traum-kakao-p2020004806086",
    "storeName": "SPAR"
  },
  {
    "productHash": "5611dee259a6432dfade7ba4a807020dbadfa7a1",
    "productName": "Kelly's Chips Ketchup",
    "currentPrice": "€1,99",
    "originalPrice": "€2,99",
    "discount": "33% OFF",
    "unitMeasure": "150 G",
    "category": "FOOD",
    "productUrl": "https://www.spar.at/produktwelt/kelly-s-chips-ketchup-p3464397",
    "storeName": "SPAR"
  },
  {
    "productHash": "e2bd78ef77b46cb1774cab457a68aa20e4d249c5",
    "productName": "Elephant Elephant Squeezed Pretzels Honig-Senf-Zwiebel",
    "currentPrice": "€1,79",
    "originalPrice": "€2,19",
    "discount": "18% OFF",
    "unitMeasure": "160 G",
    "category": "FOOD",
    "productUrl": "https://www.spar.at/produktwelt/alka-elephant-squeezed-pretzels-honig-senf-zwiebel-p2020002784713",
    "storeName": "SPAR"
  },
  {
    "productHash": "21647f7cb723ddb743a887b640a38adfb527c342",
    "productName": "Rama Cremefine SCHLAGEN",
    "currentPrice": "€0,96",
    "originalPrice": "€1,45",
    "discount": "34% OFF",
    "unitMeasure": "250 ML",
    "category": "FOOD",
    "productUrl": "https://www.spar.at/produktwelt/rama-cremefine-zum-aufschlagen-19-fett-p4859093",
    "storeName": "SPAR"
  },
  {
    "productHash": "bd41a4cd858fa2cd95c38dc1e204fb3305fd1e02",
    "productName": "Kelly's Chips Classic salted",
    "currentPrice": "€1,99",
    "originalPrice": "€2,99",
    "discount": "33% OFF",
    "unitMeasure": "150 G",
    "category": "FOOD",
    "productUrl": "https://www.spar.at/produktwelt/kelly-s-chips-classic-salted-p7525841",
    "storeName": "SPAR"
  },
  {
    "productHash": "5d272661cfc10e42dfc052b0c0ebd5cef0a42aba",
    "productName": "Dr. Oetker La Mia Grande Salame Piccante",
    "currentPrice": "€3,49",
    "originalPrice": "€4,99",
    "discount": "30% OFF",
    "unitMeasure": "380 G",
    "category": "FOOD",
    "productUrl": "https://www.spar.at/produktwelt/dr-oetker-la-mia-grande-salame-piccante-p2020003155710",
    "storeName": "SPAR"
  },
  {
    "productHash": "4f634ca3a3527e6dc4f9a0739c24550e883128a4",
    "productName": "GM Pesendorfer Pinienkerne",
    "currentPrice": "€6,49",
    "originalPrice": "€6,99",
    "discount": "7% OFF",
    "unitMeasure": "100 G",
    "category": "FOOD",
    "productUrl": "https://www.spar.at/produktwelt/gm-pesendorfer-pinienkerne-p2020003780950",
    "storeName": "SPAR"
  },
  {
    "productHash": "a45407cfc02be8653d59263bbb9e08a47b195b8c",
    "productName": "Schärdinger Bananentraum",
    "currentPrice": "€0,97",
    "originalPrice": "€1,95",
    "discount": "50% OFF",
    "unitMeasure": "750 G",
    "category": "FOOD",
    "productUrl": "https://www.spar.at/produktwelt/schaerdinger-bananentraum-p4635826",
    "storeName": "SPAR"
  },
  {
    "productHash": "f5d8aa88862cab466a12c927dda23216641dcbb7",
    "productName": "Coppenrath&Wiese Festtagstorte Sacher",
    "currentPrice": "€10,99",
    "originalPrice": "€17,49",
    "discount": "37% OFF",
    "unitMeasure": "1 KG",
    "category": "FOOD",
    "productUrl": "https://www.spar.at/produktwelt/coppenrath-wiese-festtagstorte-sacher-p3178577",
    "storeName": "SPAR"
  },
  {
    "productHash": "37e910d965c8d3efb3582ade64f238cae19d60f1",
    "productName": "Seeberger Studentenfutter",
    "currentPrice": "€6,99",
    "originalPrice": "€8,49",
    "discount": "18% OFF",
    "unitMeasure": "400 G",
    "category": "FOOD",
    "productUrl": "https://www.spar.at/produktwelt/seeberger-studentenfutter-p2020000599845",
    "storeName": "SPAR"
  },
  {
    "productHash": "7548fd1b153b5f854ee78e91872aa6f148f4ef16",
    "productName": "Philadelphia Balance Kräuter",
    "currentPrice": "€1,99",
    "originalPrice": "€2,49",
    "discount": "20% OFF",
    "unitMeasure": "175 G",
    "category": "FOOD",
    "productUrl": "https://www.spar.at/produktwelt/philadelphia-balance-kraeuter-p6930769",
    "storeName": "SPAR"
  },
  {
    "productHash": "90b86ad457451ebe4eb4dcdcc489db37213b792f",
    "productName": "Loidl Haus-Salami",
    "currentPrice": "€7,99",
    "originalPrice": "€N/A",
    "discount": "N/A",
    "unitMeasure": "400 G",
    "category": "FOOD",
    "productUrl": "https://www.spar.at/produktwelt/loidl-haus-salami-p4937036",
    "storeName": "SPAR"
  },
  {
    "productHash": "8da59bb47bce88533f85c28b5434bc77f767ad02",
    "productName": "Rama Cremefine zum Kochen 15% Fett 0,250",
    "currentPrice": "€0,96",
    "originalPrice": "€1,45",
    "discount": "34% OFF",
    "unitMeasure": "250 ML",
    "category": "FOOD",
    "productUrl": "https://www.spar.at/produktwelt/rama-cremefine-zum-kochen-15-fett-p5776238",
    "storeName": "SPAR"
  },
  {
    "productHash": "8fee89b6f746a6a01d9d814b76856e7438f291f3",
    "productName": "Eskimo Magnum Bonbon  Salted Caramel Almond 12 Stück",
    "currentPrice": "€7,29",
    "originalPrice": "€N/A",
    "discount": "N/A",
    "unitMeasure": "204 ML",
    "category": "FOOD",
    "productUrl": "https://www.spar.at/produktwelt/eskimo-magnum-bonbon-salted-caramel-almond-12-stueck-p2020005405998",
    "storeName": "SPAR"
  },
  {
    "productHash": "991523cdd6ac151b41ca30a08f155e96916ee0e2",
    "productName": "Knorr Meisterkessel Deftige Gemüsesuppe mit Kartoffeln und Speck 2 Portionen",
    "currentPrice": "€2,79",
    "originalPrice": "€3,99",
    "discount": "30% OFF",
    "unitMeasure": "500 G",
    "category": "FOOD",
    "productUrl": "https://www.spar.at/produktwelt/knorr-meisterkessel-deftige-gemuesesuppe-mit-kartoffeln-und-speck-2-portionen-p4552369",
    "storeName": "SPAR"
  },
  {
    "productHash": "2ca29ceb9336ec93387fb71e6d270ba1ad03fe0a",
    "productName": "Milka Alpenmilch Schokolade LU",
    "currentPrice": "€1,79",
    "originalPrice": "€1,99",
    "discount": "10% OFF",
    "unitMeasure": "87 G",
    "category": "FOOD",
    "productUrl": "https://www.spar.at/produktwelt/milka-alpenmilch-schokolade-lu-p1635911",
    "storeName": "SPAR"
  },
  {
    "productHash": "7265b3cb8eab428fc21458ea0cd118ebc1cd36d2",
    "productName": "Kelly's POM-BÄR Ketchup Style",
    "currentPrice": "€1,14",
    "originalPrice": "€2,29",
    "discount": "50% OFF",
    "unitMeasure": "65 G",
    "category": "FOOD",
    "productUrl": "https://www.spar.at/produktwelt/kelly-s-pom-baer-ketchup-style-p2328720",
    "storeName": "SPAR"
  },
  {
    "productHash": "26e5fda031f64343c237d79eebb032bcca257234",
    "productName": "BEN’s ORIGINAL Express Reis Jasmin",
    "currentPrice": "€2,59",
    "originalPrice": "€N/A",
    "discount": "N/A",
    "unitMeasure": "220 G",
    "category": "FOOD",
    "productUrl": "https://www.spar.at/produktwelt/ben-s-original-express-jasmin-p2020005513020",
    "storeName": "SPAR"
  },
  {
    "productHash": "4b2c285106d111d43ccde293065b96a39d07a180",
    "productName": "NÖM PRO Vanille 0,350",
    "currentPrice": "€1,14",
    "originalPrice": "€2,29",
    "discount": "50% OFF",
    "unitMeasure": "350 G",
    "category": "FOOD",
    "productUrl": "https://www.spar.at/produktwelt/noem-pro-vanille-p2020002793999",
    "storeName": "SPAR"
  },
  {
    "productHash": "a79d01f0a5dc40271532a63dbf291ae3b334fc89",
    "productName": "Kelly's Linsenchips Sour Cream",
    "currentPrice": "€1,99",
    "originalPrice": "€2,39",
    "discount": "17% OFF",
    "unitMeasure": "90 G",
    "category": "FOOD",
    "productUrl": "https://www.spar.at/produktwelt/kelly-s-linsenchips-sour-cream-p2020002776671",
    "storeName": "SPAR"
  },
  {
    "productHash": "4ba44158aa2cafcd752e0a7076e9fd04c3486cfd",
    "productName": "Ruben’s Pistaziencreme Creamy",
    "currentPrice": "€2,99",
    "originalPrice": "€3,99",
    "discount": "25% OFF",
    "unitMeasure": "180 G",
    "category": "FOOD",
    "productUrl": "https://www.spar.at/produktwelt/ruben-s-pistaziencreme-creamy-p2020005793644",
    "storeName": "SPAR"
  },
  {
    "productHash": "0b2169f4358fabe0bfabc645fd5def7a10555538",
    "productName": "Alyan Dubai Style Schokolade Pistachio",
    "currentPrice": "€3,99",
    "originalPrice": "€5,99",
    "discount": "33% OFF",
    "unitMeasure": "100 G",
    "category": "FOOD",
    "productUrl": "https://www.spar.at/produktwelt/alyan-dubai-style-schokolade-pistachio-p2020005542402",
    "storeName": "SPAR"
  },
  {
    "productHash": "12122e59a81a3a3c923024a5bd334a74e25e1074",
    "productName": "Seeberger Nusskernmischung",
    "currentPrice": "€9,99",
    "originalPrice": "€11,49",
    "discount": "13% OFF",
    "unitMeasure": "409 G",
    "category": "FOOD",
    "productUrl": "https://www.spar.at/produktwelt/seeberger-nusskernmischung-p2020000599562",
    "storeName": "SPAR"
  },
  {
    "productHash": "6fe51eb1fc6d266d88e60c3be4ab101858395775",
    "productName": "Bertagni Sugo Pomodoro Ricotta",
    "currentPrice": "€1,49",
    "originalPrice": "€2,99",
    "discount": "50% OFF",
    "unitMeasure": "285 G",
    "category": "FOOD",
    "productUrl": "https://www.spar.at/produktwelt/bertagni-sugo-pomodoro-ricotta-p2020004402394",
    "storeName": "SPAR"
  },
  {
    "productHash": "b3d15f1aaf9f737f4e5a86db079ed7e6180ff807",
    "productName": "NÖM Fru Fru Fru Fru Himbeere",
    "currentPrice": "€0,47",
    "originalPrice": "€0,95",
    "discount": "51% OFF",
    "unitMeasure": "200 G",
    "category": "FOOD",
    "productUrl": "https://www.spar.at/produktwelt/noem-fru-fru-fru-fru-himbeere-p5566389",
    "storeName": "SPAR"
  },
  {
    "productHash": "a9ff783f4a82a4b3006577984d3f2cca79d03359",
    "productName": "Südobst Bio Berglinsen",
    "currentPrice": "€1,24",
    "originalPrice": "€2,49",
    "discount": "50% OFF",
    "unitMeasure": "400 G",
    "category": "FOOD",
    "productUrl": "https://www.spar.at/produktwelt/suedobst-bio-berglinsen-p2020005564589",
    "storeName": "SPAR"
  },
  {
    "productHash": "dc9149cea7fe88dc748df49cb4a3c3d7e791dfdb",
    "productName": "Milka Alpenmilch Schokolade Joghurt",
    "currentPrice": "€1,79",
    "originalPrice": "€1,99",
    "discount": "10% OFF",
    "unitMeasure": "100 G",
    "category": "FOOD",
    "productUrl": "https://www.spar.at/produktwelt/milka-alpenmilch-schokolade-joghurt-p6265670",
    "storeName": "SPAR"
  },
  {
    "productHash": "4e8916c43f660e70b4acb6d9cd17bff83c2432fb",
    "productName": "Kelly's Jumpys Sour Cream",
    "currentPrice": "€1,79",
    "originalPrice": "€2,49",
    "discount": "28% OFF",
    "unitMeasure": "75 G",
    "category": "FOOD",
    "productUrl": "https://www.spar.at/produktwelt/kelly-s-jumpys-sour-cream-p2020000851080",
    "storeName": "SPAR"
  },
  {
    "productHash": "10def145110b6a37e67b3d152cb4eadb4b1e1bbb",
    "productName": "GM Pesendorfer Pistazien Salz",
    "currentPrice": "€4,99",
    "originalPrice": "€5,99",
    "discount": "17% OFF",
    "unitMeasure": "200 G",
    "category": "FOOD",
    "productUrl": "https://www.spar.at/produktwelt/gm-pesendorfer-pistazien-salz-p2020003571152",
    "storeName": "SPAR"
  },
  {
    "productHash": "5b3b6aad9aad0e1d313d7d055fa1f8f9a9af619d",
    "productName": "Efko Pfefferoni scharf",
    "currentPrice": "€1,99",
    "originalPrice": "€3,19",
    "discount": "38% OFF",
    "unitMeasure": "600 G",
    "category": "FOOD",
    "productUrl": "https://www.spar.at/produktwelt/efko-pfefferoni-scharf-p3680414",
    "storeName": "SPAR"
  },
  {
    "productHash": "114e95dc905fa1bfc9901f26010d7bf6e0a42591",
    "productName": "Ölz Milch Brötle mit Schokolade",
    "currentPrice": "€2,99",
    "originalPrice": "€3,59",
    "discount": "17% OFF",
    "unitMeasure": "240 G",
    "category": "FOOD",
    "productUrl": "https://www.spar.at/produktwelt/oelz-milch-broetle-mit-schokolade-p2020001958542",
    "storeName": "SPAR"
  },
  {
    "productHash": "04182672e87d74c885742dc3e5ae6ee41a82bbbe",
    "productName": "Knorr Meister Kessel Gulaschsuppe 2 Portionen",
    "currentPrice": "€2,79",
    "originalPrice": "€3,99",
    "discount": "30% OFF",
    "unitMeasure": "500 G",
    "category": "FOOD",
    "productUrl": "https://www.spar.at/produktwelt/knorr-meister-kessel-gulaschsuppe-2-portionen-p132749",
    "storeName": "SPAR"
  },
  {
    "productHash": "923d7873f6b67d127481eb9efc907ae4f2604433",
    "productName": "Ferrero Raffaello Kokos & Mandelcreme",
    "currentPrice": "€1,99",
    "originalPrice": "€2,29",
    "discount": "13% OFF",
    "unitMeasure": "90 G",
    "category": "FOOD",
    "productUrl": "https://www.spar.at/produktwelt/ferrero-raffaello-kokos-mandelcreme-p2020003966439",
    "storeName": "SPAR"
  },
  {
    "productHash": "35fc04e6cf68590045cfa5641e9b1069c7bde0e5",
    "productName": "Iglo Erntefrisch Zarte Mischung",
    "currentPrice": "€3,19",
    "originalPrice": "€4,79",
    "discount": "33% OFF",
    "unitMeasure": "700 G",
    "category": "FOOD",
    "productUrl": "https://www.spar.at/produktwelt/iglo-erntefrisch-zarte-mischung-p2551180",
    "storeName": "SPAR"
  },
  {
    "productHash": "soletti-dip-pikant",
    "productName": "Soletti Dip pikant",
    "currentPrice": "€2,99",
    "originalPrice": "€3,49",
    "discount": "14% OFF",
    "unitMeasure": "230 ML",
    "category": "Snacks & Confectionery (Süßwaren & Snacks)",
    "productUrl": "https://www.spar.at/produktwelt/soletti-dip-pikant-p2020005702646",
    "storeName": "SPAR",
    "searchTags": [
      "soletti",
      "dip",
      "pikant",
      "snack",
      "salzgebäck",
      "cracker",
      "knabbergebäck",
      "würzig"
    ],
    "offerStartDate": "2024-04-23",
    "offerEndDate": "2024-04-23"
  },
  {
    "productHash": "knorr-meister-kessel-bohnen-specksuppe-serbische-bohnen",
    "productName": "Knorr Meister Kessel Bohnen-Specksuppe Serbische Bohnen",
    "currentPrice": "€2,79",
    "originalPrice": "€3,99",
    "discount": "30% OFF",
    "unitMeasure": "500 G",
    "category": "Pantry & Baking (Grundnahrungsmittel)",
    "productUrl": "https://www.spar.at/produktwelt/knorr-meister-kessel-bohnen-specksuppe-serbische-bohnen-p2020003571749",
    "storeName": "SPAR",
    "searchTags": [
      "knorr",
      "meister",
      "kessel",
      "bohnensuppe",
      "specksuppe",
      "serbische",
      "suppe",
      "fertiggericht",
      "grundnahrungsmittel",
      "eintopf"
    ],
    "offerStartDate": "2024-04-23",
    "offerEndDate": "2024-04-23"
  },
  {
    "productHash": "philadelphia-balance-meerrettich",
    "productName": "Philadelphia Balance Meerrettich",
    "currentPrice": "€1,99",
    "originalPrice": "€2,49",
    "discount": "20% OFF",
    "unitMeasure": "175 G",
    "category": "Dairy & Eggs (Milchprodukte & Eier)",
    "productUrl": "https://www.spar.at/produktwelt/philadelphia-balance-meerrettich-p6930820",
    "storeName": "SPAR",
    "searchTags": [
      "philadelphia",
      "balance",
      "meerrettich",
      "frischkäse",
      "käse",
      "aufstrich",
      "milchprodukt",
      "light",
      "creme"
    ],
    "offerStartDate": "2024-04-23",
    "offerEndDate": "2024-04-23"
  },
  {
    "productHash": "lindt-lindor-kugeln-lieblingsmix",
    "productName": "Lindt Lindor Kugeln Lieblingsmix",
    "currentPrice": "€6,49",
    "originalPrice": "€12,99",
    "discount": "50% OFF",
    "unitMeasure": "200 G",
    "category": "Snacks & Confectionery (Süßwaren & Snacks)",
    "productUrl": "https://www.spar.at/produktwelt/lindt-lindor-kugeln-lieblingsmix-p2020005451902",
    "storeName": "SPAR",
    "searchTags": [
      "lindt",
      "lindor",
      "kugeln",
      "lieblingsmix",
      "schokolade",
      "pralinen",
      "konfekt",
      "süßigkeiten",
      "mix"
    ],
    "offerStartDate": "2024-04-23",
    "offerEndDate": "2024-04-23"
  },
  {
    "productHash": "kelly-s-jumpys-paprika",
    "productName": "Kelly's Jumpys Paprika",
    "currentPrice": "€1,79",
    "originalPrice": "€2,49",
    "discount": "28% OFF",
    "unitMeasure": "75 G",
    "category": "Snacks & Confectionery (Süßwaren & Snacks)",
    "productUrl": "https://www.spar.at/produktwelt/kelly-s-jumpys-paprika-p3016954",
    "storeName": "SPAR",
    "searchTags": [
      "kelly-s",
      "jumpys",
      "paprika",
      "chips",
      "snack",
      "knabbergebäck",
      "gebäck",
      "salzgebäck",
      "erdäpfelchips"
    ],
    "offerStartDate": "2024-04-23",
    "offerEndDate": "2024-04-23"
  },
  {
    "productHash": "suedobst-bio-sonnenmais",
    "productName": "Südobst Bio Sonnenmais",
    "currentPrice": "€1,24",
    "originalPrice": "€2,49",
    "discount": "50% OFF",
    "unitMeasure": "340 G",
    "category": "Fresh Produce (Obst & Gemüse)",
    "productUrl": "https://www.spar.at/produktwelt/suedobst-bio-sonnenmais-p2020005869646",
    "storeName": "SPAR",
    "searchTags": [
      "südobst",
      "bio",
      "sonnenmais",
      "mais",
      "gemüse",
      "frisch",
      "ökologisch",
      "pflanzlich"
    ],
    "offerStartDate": "2024-04-23",
    "offerEndDate": "2024-04-23"
  },
  {
    "productHash": "gm-pesendorfer-cashews-die-groessten-premiumkerne",
    "productName": "GM Pesendorfer Cashews \"Die Größten\" Premiumkerne",
    "currentPrice": "€5,99",
    "originalPrice": "€6,49",
    "discount": "8% OFF",
    "unitMeasure": "200 G",
    "category": "Snacks & Confectionery (Süßwaren & Snacks)",
    "productUrl": "https://www.spar.at/produktwelt/gm-pesendorfer-cashews-die-groessten-p2020002668235",
    "storeName": "SPAR",
    "searchTags": [
      "gm-pesendorfer",
      "cashews",
      "premiumkerne",
      "nüsse",
      "kern",
      "snack",
      "gesund",
      "knabberzeug"
    ],
    "offerStartDate": "2024-04-23",
    "offerEndDate": "2024-04-23"
  },
  {
    "productHash": "kelly-s-mikrowellen-popcorn-butter-geschmack-3x90g",
    "productName": "Kelly's Mikrowellen Popcorn Butter Geschmack 3 x 90g",
    "currentPrice": "€2,49",
    "originalPrice": "€4,99",
    "discount": "50% OFF",
    "unitMeasure": "270 G",
    "category": "Snacks & Confectionery (Süßwaren & Snacks)",
    "productUrl": "https://www.spar.at/produktwelt/kelly-s-mikrowellen-popcorn-microwave-butter-flavored-4-x-90g-p4800347",
    "storeName": "SPAR",
    "searchTags": [
      "kelly-s",
      "mikrowellen",
      "popcorn",
      "butter",
      "geschmack",
      "snack",
      "mais",
      "kino",
      "süßigkeiten",
      "3x90g"
    ],
    "offerStartDate": "2024-04-23",
    "offerEndDate": "2024-04-23"
  },
  {
    "productHash": "lindt-lindor-kugeln-milch",
    "productName": "Lindt Lindor Kugeln Milch",
    "currentPrice": "€6,49",
    "originalPrice": "€12,99",
    "discount": "50% OFF",
    "unitMeasure": "200 G",
    "category": "Snacks & Confectionery (Süßwaren & Snacks)",
    "productUrl": "https://www.spar.at/produktwelt/lindt-lindor-kugeln-milch-p2020001230303",
    "storeName": "SPAR",
    "searchTags": [
      "lindt",
      "lindor",
      "kugeln",
      "milch",
      "schokolade",
      "pralinen",
      "konfekt",
      "süßigkeiten",
      "milchschokolade"
    ],
    "offerStartDate": "2024-04-23",
    "offerEndDate": "2024-04-23"
  },
  {
    "productHash": "schaerdinger-cremiger-mango-traum-mit-papaya",
    "productName": "Schärdinger cremiger Mango Traum mit Papaya",
    "currentPrice": "€0,69",
    "originalPrice": "€1,39",
    "discount": "50% OFF",
    "unitMeasure": "400 G",
    "category": "Dairy & Eggs (Milchprodukte & Eier)",
    "productUrl": "https://www.spar.at/produktwelt/schaerdinger-cremiger-mango-traum-mit-papaya-p7832079",
    "storeName": "SPAR",
    "searchTags": [
      "schärdinger",
      "cremiger",
      "mango",
      "traum",
      "papaya",
      "joghurt",
      "molkereiprodukt",
      "frucht",
      "milchprodukt"
    ],
    "offerStartDate": "2024-04-23",
    "offerEndDate": "2024-04-23"
  },
  {
    "productHash": "kelly-s-chips-sour-cream",
    "productName": "Kelly's Chips Sour Cream",
    "currentPrice": "€1,99",
    "originalPrice": "€2,99",
    "discount": "33% OFF",
    "unitMeasure": "150 G",
    "category": "Snacks & Confectionery (Süßwaren & Snacks)",
    "productUrl": "https://www.spar.at/produktwelt/kelly-s-chips-sour-cream-p3464403",
    "storeName": "SPAR",
    "searchTags": [
      "kelly-s",
      "chips",
      "sour-cream",
      "snack",
      "knabbergebäck",
      "erdäpfelchips",
      "sahne",
      "cremig",
      "salzig"
    ],
    "offerStartDate": "2024-04-23",
    "offerEndDate": "2024-04-23"
  },
  {
    "productHash": "kelly-s-chips-knoblauch",
    "productName": "Kelly's Chips Knoblauch",
    "currentPrice": "€1,99",
    "originalPrice": "€2,99",
    "discount": "33% OFF",
    "unitMeasure": "150 G",
    "category": "Snacks & Confectionery (Süßwaren & Snacks)",
    "productUrl": "https://www.spar.at/produktwelt/kelly-s-chips-knoblauch-p2020002986889",
    "storeName": "SPAR",
    "searchTags": [
      "kelly-s",
      "chips",
      "knoblauch",
      "snack",
      "knabbergebäck",
      "erdäpfelchips",
      "würzig",
      "salzig"
    ],
    "offerStartDate": "2024-04-23",
    "offerEndDate": "2024-04-23"
  },
  {
    "productHash": "iglo-wildlachs-msc-wildlachs-naturfilets-2-stueck",
    "productName": "Iglo Wildlachs MSC Wildlachs Naturfilets 2 Stück",
    "currentPrice": "€7,99",
    "originalPrice": "€11,99",
    "discount": "33% OFF",
    "unitMeasure": "250 G",
    "category": "Fish & Seafood (Fisch)",
    "productUrl": "https://www.spar.at/produktwelt/iglo-wildlachs-msc-wildlachs-naturfilets-2-stueck-p4874775",
    "storeName": "SPAR",
    "searchTags": [
      "iglo",
      "wildlachs",
      "msc",
      "naturfilets",
      "fisch",
      "lachs",
      "filet",
      "meeresfrüchte",
      "tiefkühl",
      "2-stück"
    ],
    "offerStartDate": "2024-04-23",
    "offerEndDate": "2024-04-23"
  },
  {
    "productHash": "lays-bugles-roasted-paprika",
    "productName": "Lays Bugles Roasted Paprika",
    "currentPrice": "€1,79",
    "originalPrice": "€2,49",
    "discount": "28% OFF",
    "unitMeasure": "75 G",
    "category": "Snacks & Confectionery (Süßwaren & Snacks)",
    "productUrl": "https://www.spar.at/produktwelt/lays-bugles-roasted-paprika-p7796050",
    "storeName": "SPAR",
    "searchTags": [
      "lays",
      "bugles",
      "roasted",
      "paprika",
      "snack",
      "knabbergebäck",
      "chips",
      "tütenchips",
      "würzig"
    ],
    "offerStartDate": "2024-04-23",
    "offerEndDate": "2024-04-23"
  },
  {
    "productHash": "eskimo-magnum-mini-pistachio-hazelnut-6",
    "productName": "Eskimo Magnum Mini Pistachio&Hazelnut 6",
    "currentPrice": "€7,29",
    "originalPrice": "€N/A",
    "discount": "N/A",
    "unitMeasure": "330 ML",
    "category": "Frozen Foods (Tiefkühl)",
    "productUrl": "https://www.spar.at/produktwelt/eskimo-magnum-mini-pistachio-hazelnut-6-p2020005622524",
    "storeName": "SPAR",
    "searchTags": [
      "eskimo",
      "magnum",
      "mini",
      "pistachio",
      "hazelnut",
      "eis",
      "eiscreme",
      "tiefkühl",
      "nuss",
      "6-stück"
    ],
    "offerStartDate": "2024-04-23",
    "offerEndDate": "2024-04-23"
  },
  {
    "productHash": "noem-pro-erdbeere-0-350",
    "productName": "NÖM PRO Erdbeere 0,350",
    "currentPrice": "€1,14",
    "originalPrice": "€2,29",
    "discount": "50% OFF",
    "unitMeasure": "350 G",
    "category": "Dairy & Eggs (Milchprodukte & Eier)",
    "productUrl": "https://www.spar.at/produktwelt/noem-pro-erdbeere-p2020003690693",
    "storeName": "SPAR",
    "searchTags": [
      "nöm",
      "pro",
      "erdbeere",
      "joghurt",
      "drink",
      "proteindrink",
      "milchprodukt",
      "fruchtig",
      "0-350l"
    ],
    "offerStartDate": "2024-04-23",
    "offerEndDate": "2024-04-23"
  },
  {
    "productHash": "bertagni-sugo-vegan",
    "productName": "Bertagni Sugo Vegan",
    "currentPrice": "€1,49",
    "originalPrice": "€1,99",
    "discount": "25% OFF",
    "unitMeasure": "285 G",
    "category": "Pantry & Baking (Grundnahrungsmittel)",
    "productUrl": "https://www.spar.at/produktwelt/bertagni-sugo-vegan-p2020004526878",
    "storeName": "SPAR",
    "searchTags": [
      "bertagni",
      "sugo",
      "vegan",
      "sauce",
      "pastasauce",
      "pflanzlich",
      "vegetarisch",
      "grundnahrungsmittel"
    ],
    "offerStartDate": "2024-04-23",
    "offerEndDate": "2024-04-23"
  },
  {
    "productHash": "lindt-lindor-kugeln-assorted",
    "productName": "Lindt Lindor Kugeln Assorted",
    "currentPrice": "€6,49",
    "originalPrice": "€12,99",
    "discount": "50% OFF",
    "unitMeasure": "200 G",
    "category": "Snacks & Confectionery (Süßwaren & Snacks)",
    "productUrl": "https://www.spar.at/produktwelt/lindt-lindor-kugeln-assorted-p2020001230310",
    "storeName": "SPAR",
    "searchTags": [
      "lindt",
      "lindor",
      "kugeln",
      "assorted",
      "schokolade",
      "pralinen",
      "konfekt",
      "süßigkeiten",
      "mischung"
    ],
    "offerStartDate": "2024-04-23",
    "offerEndDate": "2024-04-23"
  },
  {
    "productHash": "loidl-mini-salamis-klassik",
    "productName": "Loidl Mini-Salamis Klassik",
    "currentPrice": "€1,52",
    "originalPrice": "€2,29",
    "discount": "34% OFF",
    "unitMeasure": "80 G",
    "category": "Meat & Poultry (Fleisch & Geflügel)",
    "productUrl": "https://www.spar.at/produktwelt/loidl-mini-salamis-klassik-p6827113",
    "storeName": "SPAR",
    "searchTags": [
      "loidl",
      "mini",
      "salamis",
      "klassik",
      "wurst",
      "fleisch",
      "snack",
      "salami",
      "pikant",
      "aufschnitt"
    ],
    "offerStartDate": "2024-04-23",
    "offerEndDate": "2024-04-23"
  },
  {
    "productHash": "milka-alpenmilch-schokolade-erdbeer-joghurt",
    "productName": "Milka Alpenmilch Schokolade Erdbeer-Joghurt",
    "currentPrice": "€1,79",
    "originalPrice": "€1,99",
    "discount": "10% OFF",
    "unitMeasure": "100 G",
    "category": "Snacks & Confectionery (Süßwaren & Snacks)",
    "productUrl": "https://www.spar.at/produktwelt/milka-alpenmilch-schokolade-erdbeer-joghurt-p6735821",
    "storeName": "SPAR",
    "searchTags": [
      "milka",
      "alpenmilch",
      "schokolade",
      "erdbeer-joghurt",
      "tafel",
      "süßigkeiten",
      "milchschokolade",
      "fruchtig"
    ],
    "offerStartDate": "2024-04-23",
    "offerEndDate": "2024-04-23"
  },
  {
    "productHash": "manner-neapolitaner-schnitten-4er",
    "productName": "Manner Neapolitaner Schnitten 4er",
    "currentPrice": "€3,29",
    "originalPrice": "€3,69",
    "discount": "11% OFF",
    "unitMeasure": "300 G",
    "category": "Snacks & Confectionery (Süßwaren & Snacks)",
    "productUrl": "https://www.spar.at/produktwelt/manner-neapolitaner-schnitten-4er-p7658068",
    "storeName": "SPAR",
    "searchTags": [
      "manner",
      "neapolitaner",
      "schnitten",
      "waffeln",
      "schokolade",
      "haselnuss",
      "gebäck",
      "süßigkeiten",
      "4er-pack"
    ],
    "offerStartDate": "2024-04-23",
    "offerEndDate": "2024-04-23"
  },
  {
    "productHash": "hubers-landhendl-putenschnitzel",
    "productName": "Hubers Landhendl Putenschnitzel",
    "currentPrice": "€6,49",
    "originalPrice": "€8,19",
    "discount": "21% OFF",
    "unitMeasure": "500 G",
    "category": "Meat & Poultry (Fleisch & Geflügel)",
    "productUrl": "https://www.spar.at/produktwelt/hubers-landhendl-putenschnitzel-p2020003534607",
    "storeName": "SPAR",
    "searchTags": [
      "hubers",
      "landhendl",
      "putenschnitzel",
      "pute",
      "fleisch",
      "schnitzel",
      "geflügel",
      "frischfleisch"
    ],
    "offerStartDate": "2024-04-23",
    "offerEndDate": "2024-04-23"
  },
  {
    "productHash": "noem-pro-pro-banane-0-350",
    "productName": "NÖM PRO PRO Banane 0,350",
    "currentPrice": "€1,14",
    "originalPrice": "€2,29",
    "discount": "50% OFF",
    "unitMeasure": "350 G",
    "category": "Dairy & Eggs (Milchprodukte & Eier)",
    "productUrl": "https://www.spar.at/produktwelt/noem-pro-pro-banane-p2020002794033",
    "storeName": "SPAR",
    "searchTags": [
      "nöm",
      "pro",
      "banane",
      "joghurt",
      "drink",
      "proteindrink",
      "milchprodukt",
      "fruchtig",
      "0-350l"
    ],
    "offerStartDate": "2024-04-23",
    "offerEndDate": "2024-04-23"
  },
  {
    "productHash": "eskimo-magnum-bonbon-gold-caramel-billionaire-12-stueck",
    "productName": "Eskimo Magnum Bonbon Gold Caramel Billionaire 12 Stück",
    "currentPrice": "€7,29",
    "originalPrice": "€N/A",
    "discount": "N/A",
    "unitMeasure": "204 ML",
    "category": "Frozen Foods (Tiefkühl)",
    "productUrl": "https://www.spar.at/produktwelt/eskimo-magnum-bonbon-gold-caramel-billionaire-12-stueck-p2020005406063",
    "storeName": "SPAR",
    "searchTags": [
      "eskimo",
      "magnum",
      "bonbon",
      "gold",
      "caramel",
      "billionaire",
      "eis",
      "eiscreme",
      "tiefkühl",
      "12-stück"
    ],
    "offerStartDate": "2024-04-23",
    "offerEndDate": "2024-04-23"
  },
  {
    "productHash": "eskimo-magnum-bonbon-white-chocolate-cookies-12-stueck",
    "productName": "Eskimo Magnum Bonbon White Chocolate & Cookies 12 Stück",
    "currentPrice": "€7,29",
    "originalPrice": "€N/A",
    "discount": "N/A",
    "unitMeasure": "204 ML",
    "category": "Frozen Foods (Tiefkühl)",
    "productUrl": "https://www.spar.at/produktwelt/eskimo-magnum-bonbon-white-chocolate-cookies-12-stueck-p2020005406032",
    "storeName": "SPAR",
    "searchTags": [
      "eskimo",
      "magnum",
      "bonbon",
      "white-chocolate",
      "cookies",
      "eis",
      "eiscreme",
      "tiefkühl",
      "weiße-schokolade",
      "12-stück"
    ],
    "offerStartDate": "2024-04-23",
    "offerEndDate": "2024-04-23"
  },
  {
    "productHash": "gm-pesendorfer-fire-mix",
    "productName": "GM Pesendorfer Fire Mix",
    "currentPrice": "€4,49",
    "originalPrice": "€4,99",
    "discount": "10% OFF",
    "unitMeasure": "200 G",
    "category": "Snacks & Confectionery (Süßwaren & Snacks)",
    "productUrl": "https://www.spar.at/produktwelt/gm-pesendorfer-fire-mix-p2020004119551",
    "storeName": "SPAR",
    "searchTags": [
      "gm-pesendorfer",
      "fire-mix",
      "nüsse",
      "kernmischung",
      "snack",
      "scharf",
      "würzig",
      "mischung",
      "knabberzeug"
    ],
    "offerStartDate": "2024-04-23",
    "offerEndDate": "2024-04-23"
  },
  {
    "productHash": "oatly-haferdrink-voll-2-8",
    "productName": "OATLY Haferdrink Voll 2,8%",
    "currentPrice": "€1,99",
    "originalPrice": "€2,49",
    "discount": "20% OFF",
    "unitMeasure": "1 L",
    "category": "Drinks & Beverages (Getränke)",
    "productUrl": "https://www.spar.at/produktwelt/oatly-haferdrink-voll-2-8-p2020004554482",
    "storeName": "SPAR",
    "searchTags": [
      "oatly",
      "haferdrink",
      "hafermilch",
      "voll",
      "pflanzlich",
      "getränk",
      "milchersatz",
      "vegan",
      "2-8"
    ],
    "offerStartDate": "2024-04-23",
    "offerEndDate": "2024-04-23"
  },
  {
    "productHash": "eskimo-magnum-double-sunlover-4x85-ml",
    "productName": "Eskimo Magnum Double Sunlover 4 x 85 ml",
    "currentPrice": "€7,29",
    "originalPrice": "€N/A",
    "discount": "N/A",
    "unitMeasure": "340 ML",
    "category": "Frozen Foods (Tiefkühl)",
    "productUrl": "https://www.spar.at/produktwelt/eskimo-magnum-double-sunlover-4-x-85-ml-p2020004498038",
    "storeName": "SPAR",
    "searchTags": [
      "eskimo",
      "magnum",
      "double",
      "sunlover",
      "eis",
      "eiscreme",
      "tiefkühl",
      "fruchtig",
      "4x85ml"
    ],
    "offerStartDate": "2024-04-23",
    "offerEndDate": "2024-04-23"
  },
  {
    "productHash": "kelly-s-popcornchips-salted",
    "productName": "Kelly's Popcornchips Salted",
    "currentPrice": "€1,99",
    "originalPrice": "€2,99",
    "discount": "33% OFF",
    "unitMeasure": "140 G",
    "category": "Snacks & Confectionery (Süßwaren & Snacks)",
    "productUrl": "https://www.spar.at/produktwelt/kelly-s-popcornchips-salted-p2020003343988",
    "storeName": "SPAR",
    "searchTags": [
      "kelly-s",
      "popcornchips",
      "salted",
      "popcorn",
      "chips",
      "snack",
      "salzig",
      "kesselchips",
      "maischips"
    ],
    "offerStartDate": "2024-04-23",
    "offerEndDate": "2024-04-23"
  },
  {
    "productHash": "noem-fru-fru-geruehrte-sauermilch-vanille-himbeere-0-200",
    "productName": "NÖM Fru Fru gerührte Sauermilch Vanille Himbeere 0,200",
    "currentPrice": "€0,47",
    "originalPrice": "€0,95",
    "discount": "51% OFF",
    "unitMeasure": "200 G",
    "category": "Dairy & Eggs (Milchprodukte & Eier)",
    "productUrl": "https://www.spar.at/produktwelt/noem-fru-fru-geruehrte-sauermilch-vanille-himbeere-0-200-p2020005248854",
    "storeName": "SPAR",
    "searchTags": [
      "nöm",
      "fru-fru",
      "sauermilch",
      "vanille",
      "himbeere",
      "milchprodukt",
      "joghurt",
      "fruchtig",
      "0-200l"
    ],
    "offerStartDate": "2024-04-23",
    "offerEndDate": "2024-04-23"
  },
  {
    "productHash": "bahlsen-leibniz-zoo-original",
    "productName": "Bahlsen Leibniz Zoo Original",
    "currentPrice": "€2,29",
    "originalPrice": "€2,49",
    "discount": "8% OFF",
    "unitMeasure": "125 G",
    "category": "Snacks & Confectionery (Süßwaren & Snacks)",
    "productUrl": "https://www.spar.at/produktwelt/bahlsen-leibniz-zoo-original-p2797915",
    "storeName": "SPAR",
    "searchTags": [
      "bahlsen",
      "leibniz",
      "zoo",
      "original",
      "butterkeks",
      "keks",
      "gebäck",
      "kindergebäck",
      "snack"
    ],
    "offerStartDate": "2024-04-23",
    "offerEndDate": "2024-04-23"
  },
  {
    "productHash": "efko-pfefferoni-mild",
    "productName": "Efko Pfefferoni mild",
    "currentPrice": "€1,99",
    "originalPrice": "€3,19",
    "discount": "38% OFF",
    "unitMeasure": "600 G",
    "category": "Pantry & Baking (Grundnahrungsmittel)",
    "productUrl": "https://www.spar.at/produktwelt/efko-pfefferoni-mild-p7471865",
    "storeName": "SPAR",
    "searchTags": [
      "efko",
      "pfefferoni",
      "mild",
      "gemüse",
      "eingelegt",
      "konserven",
      "speisekammer",
      "chili"
    ],
    "offerStartDate": "2024-04-23",
    "offerEndDate": "2024-04-23"
  },
  {
    "productHash": "lindt-lindor-kugeln-weiss",
    "productName": "Lindt Lindor Kugeln Weiß",
    "currentPrice": "€6,49",
    "originalPrice": "€12,99",
    "discount": "50% OFF",
    "unitMeasure": "200 G",
    "category": "Snacks & Confectionery (Süßwaren & Snacks)",
    "productUrl": "https://www.spar.at/produktwelt/lindt-lindor-kugeln-weiss-p2020004051301",
    "storeName": "SPAR",
    "searchTags": [
      "lindt",
      "lindor",
      "kugeln",
      "weiß",
      "schokolade",
      "pralinen",
      "konfekt",
      "süßigkeiten",
      "weiße-schokolade"
    ],
    "offerStartDate": "2024-04-23",
    "offerEndDate": "2024-04-23"
  },
  {
    "productHash": "ruben-s-pistazien-creme-pistaziencreme-creamy",
    "productName": "Ruben’s Pistazien Creme Pistaziencreme creamy",
    "currentPrice": "€2,99",
    "originalPrice": "€3,99",
    "discount": "25% OFF",
    "unitMeasure": "180 G",
    "category": "Pantry & Baking (Grundnahrungsmittel)",
    "productUrl": "https://www.spar.at/produktwelt/ruben-s-pistazien-creme-pistaziencreme-creamy-p2020005657373",
    "storeName": "SPAR",
    "searchTags": [
      "ruben-s",
      "pistazien",
      "creme",
      "pistaziencreme",
      "creamy",
      "brotaufstrich",
      "süßaufstrich",
      "nusscreme",
      "frühstück"
    ],
    "offerStartDate": "2024-04-23",
    "offerEndDate": "2024-04-23"
  },
  {
    "productHash": "knorr-meister-kessel-leberknoedel-suppe-3-portionen",
    "productName": "Knorr Meister Kessel Leberknödel Suppe 3 Portionen",
    "currentPrice": "€2,79",
    "originalPrice": "€3,99",
    "discount": "30% OFF",
    "unitMeasure": "500 G",
    "category": "Pantry & Baking (Grundnahrungsmittel)",
    "productUrl": "https://www.spar.at/produktwelt/knorr-meister-kessel-leberknoedel-suppe-3-portionen-p132756",
    "storeName": "SPAR",
    "searchTags": [
      "knorr",
      "meister",
      "kessel",
      "leberknödel",
      "suppe",
      "fertiggericht",
      "grundnahrungsmittel",
      "3-portionen",
      "eintopf"
    ],
    "offerStartDate": "2024-04-23",
    "offerEndDate": "2024-04-23"
  },
  {
    "productHash": "toblerone-praline",
    "productName": "Toblerone Praline",
    "currentPrice": "€4,99",
    "originalPrice": "€9,99",
    "discount": "50% OFF",
    "unitMeasure": "180 G",
    "category": "Snacks & Confectionery (Süßwaren & Snacks)",
    "productUrl": "https://www.spar.at/produktwelt/toblerone-pralines-assorted-p2020005825086",
    "storeName": "SPAR",
    "searchTags": [
      "toblerone",
      "praline",
      "schokolade",
      "dreieckig",
      "honig",
      "mandeln",
      "süßigkeiten",
      "konfekt"
    ],
    "offerStartDate": "2024-04-23",
    "offerEndDate": "2024-04-23"
  },
  {
    "productHash": "lindt-lindor-kugeln-pistazie",
    "productName": "Lindt Lindor Kugeln Pistazie",
    "currentPrice": "€6,49",
    "originalPrice": "€12,99",
    "discount": "50% OFF",
    "unitMeasure": "200 G",
    "category": "Snacks & Confectionery (Süßwaren & Snacks)",
    "productUrl": "https://www.spar.at/produktwelt/lindt-lindor-kugeln-pistazie-p2020004807151",
    "storeName": "SPAR",
    "searchTags": [
      "lindt",
      "lindor",
      "kugeln",
      "pistazie",
      "schokolade",
      "pralinen",
      "konfekt",
      "süßigkeiten",
      "nuss"
    ],
    "offerStartDate": "2024-04-23",
    "offerEndDate": "2024-04-23"
  },
  {
    "productHash": "iglo-erntefrisch-junge-erbsen",
    "productName": "Iglo Erntefrisch Junge Erbsen",
    "currentPrice": "€3,19",
    "originalPrice": "€4,79",
    "discount": "33% OFF",
    "unitMeasure": "700 G",
    "category": "Frozen Foods (Tiefkühl)",
    "productUrl": "https://www.spar.at/produktwelt/iglo-erntefrisch-junge-erbsen-p2550176",
    "storeName": "SPAR",
    "searchTags": [
      "iglo",
      "erntefrisch",
      "junge",
      "erbsen",
      "gemüse",
      "tiefkühlgemüse",
      "vegetarisch",
      "pflanzlich",
      "tiefkühlkost"
    ],
    "offerStartDate": "2024-04-23",
    "offerEndDate": "2024-04-23"
  },
  {
    "productHash": "milka-oreo-sandwich-oreo-sandwich",
    "productName": "Milka Oreo Sandwich Oreo Sandwich",
    "currentPrice": "€1,79",
    "originalPrice": "€1,99",
    "discount": "10% OFF",
    "unitMeasure": "92 G",
    "category": "Snacks & Confectionery (Süßwaren & Snacks)",
    "productUrl": "https://www.spar.at/produktwelt/milka-oreo-sandwich-p2020002290986",
    "storeName": "SPAR",
    "searchTags": [
      "milka",
      "oreo",
      "sandwich",
      "schokolade",
      "keks",
      "süßigkeiten",
      "gebäck",
      "cremefüllung"
    ],
    "offerStartDate": "2024-04-23",
    "offerEndDate": "2024-04-23"
  },
  {
    "productHash": "lindt-lindor-tafel-milch",
    "productName": "Lindt Lindor Tafel Milch",
    "currentPrice": "€1,99",
    "originalPrice": "€3,99",
    "discount": "50% OFF",
    "unitMeasure": "100 G",
    "category": "Snacks & Confectionery (Süßwaren & Snacks)",
    "productUrl": "https://www.spar.at/produktwelt/lindt-lindor-tafel-milch-p953023",
    "storeName": "SPAR",
    "searchTags": [
      "lindt",
      "lindor",
      "tafel",
      "milch",
      "schokolade",
      "milchschokolade",
      "süßigkeiten",
      "edel"
    ],
    "offerStartDate": "2024-04-23",
    "offerEndDate": "2024-04-23"
  },
  {
    "productHash": "elephant-elephant-squeezed-pretzels-black-white-sesame",
    "productName": "Elephant Elephant Squeezed Pretzels Black & White Sesame",
    "currentPrice": "€1,79",
    "originalPrice": "€2,19",
    "discount": "18% OFF",
    "unitMeasure": "180 G",
    "category": "Snacks & Confectionery (Süßwaren & Snacks)",
    "productUrl": "https://www.spar.at/produktwelt/alka-elephant-squeezed-pretzels-black-white-sesame-p2020003425035",
    "storeName": "SPAR",
    "searchTags": [
      "elephant",
      "squeezed",
      "pretzels",
      "black",
      "white",
      "sesame",
      "brezel",
      "salzgebäck",
      "snack",
      "sesam"
    ],
    "offerStartDate": "2024-04-23",
    "offerEndDate": "2024-04-23"
  },
  {
    "productHash": "lays-bugles-nacho-cheese",
    "productName": "Lays Bugles Nacho Cheese",
    "currentPrice": "€1,79",
    "originalPrice": "€2,49",
    "discount": "28% OFF",
    "unitMeasure": "75 G",
    "category": "Snacks & Confectionery (Süßwaren & Snacks)",
    "productUrl": "https://www.spar.at/produktwelt/lays-bugles-nacho-cheese-p6903350",
    "storeName": "SPAR",
    "searchTags": [
      "lays",
      "bugles",
      "nacho",
      "cheese",
      "käse",
      "snack",
      "knabbergebäck",
      "chips",
      "tütenchips",
      "würzig"
    ],
    "offerStartDate": "2024-04-23",
    "offerEndDate": "2024-04-23"
  },
  {
    "productHash": "zott-monte-mega-xxl",
    "productName": "Zott Monte Mega XXL",
    "currentPrice": "€1,34",
    "originalPrice": "€2,69",
    "discount": "50% OFF",
    "unitMeasure": "400 G",
    "category": "Dairy & Eggs (Milchprodukte & Eier)",
    "productUrl": "https://www.spar.at/produktwelt/zott-monte-mega-xxl-p2020002818791",
    "storeName": "SPAR",
    "searchTags": [
      "zott",
      "monte",
      "mega",
      "xxl",
      "milchdessert",
      "schokolade",
      "haselnuss",
      "milchprodukt",
      "dessert"
    ],
    "offerStartDate": "2024-04-23",
    "offerEndDate": "2024-04-23"
  },
  {
    "productHash": "milka-kuechlein-soft-moo",
    "productName": "Milka Küchlein Soft Moo",
    "currentPrice": "€1,64",
    "originalPrice": "€3,29",
    "discount": "50% OFF",
    "unitMeasure": "140 G",
    "category": "Snacks & Confectionery (Süßwaren & Snacks)",
    "productUrl": "https://www.spar.at/produktwelt/milka-kuechlein-soft-moo-p2020002933173",
    "storeName": "SPAR",
    "searchTags": [
      "milka",
      "küchlein",
      "soft",
      "moo",
      "gebäck",
      "schokolade",
      "kuchen",
      "snack",
      "süßigkeiten"
    ],
    "offerStartDate": "2024-04-23",
    "offerEndDate": "2024-04-23"
  },
  {
    "productHash": "tuc-cracker-classic",
    "productName": "Tuc Cracker Classic",
    "currentPrice": "€1,14",
    "originalPrice": "€2,29",
    "discount": "50% OFF",
    "unitMeasure": "100 G",
    "category": "Snacks & Confectionery (Süßwaren & Snacks)",
    "productUrl": "https://www.spar.at/produktwelt/tuc-cracker-classic-p6799649",
    "storeName": "SPAR",
    "searchTags": [
      "tuc",
      "cracker",
      "classic",
      "salzgebäck",
      "keks",
      "snack",
      "salzig",
      "gebäck"
    ],
    "offerStartDate": "2024-04-23",
    "offerEndDate": "2024-04-23"
  },
  {
    "productHash": "knorr-gemuesesuppe-12-wuerfel",
    "productName": "Knorr Gemüsesuppe 12 Würfel",
    "currentPrice": "€1,32",
    "originalPrice": "€1,99",
    "discount": "34% OFF",
    "unitMeasure": "126 G",
    "category": "Pantry & Baking (Grundnahrungsmittel)",
    "productUrl": "https://www.spar.at/produktwelt/knorr-gemuesesuppe-12-wuerfel-p2020004846051",
    "storeName": "SPAR",
    "searchTags": [
      "knorr",
      "gemüsesuppe",
      "suppe",
      "brühwürfel",
      "würfel",
      "grundnahrungsmittel",
      "fertiggericht",
      "gemüse",
      "bouillon",
      "12-stück"
    ],
    "offerStartDate": "2024-04-23",
    "offerEndDate": "2024-04-23"
  },
  {
    "productHash": "bertagni-sugo-alle-erbe",
    "productName": "Bertagni Sugo alle Erbe",
    "currentPrice": "€1,49",
    "originalPrice": "€1,99",
    "discount": "25% OFF",
    "unitMeasure": "285 G",
    "category": "Pantry & Baking (Grundnahrungsmittel)",
    "productUrl": "https://www.spar.at/produktwelt/bertagni-sugo-alle-erbe-p2020005248427",
    "storeName": "SPAR",
    "searchTags": [
      "bertagni",
      "sugo",
      "erbe",
      "kräuter",
      "sauce",
      "pastasauce",
      "grundnahrungsmittel",
      "mediterran"
    ],
    "offerStartDate": "2024-04-23",
    "offerEndDate": "2024-04-23"
  },
  {
    "productHash": "milka-alpenmilch-schokolade-ganznuss",
    "productName": "Milka Alpenmilch Schokolade Ganznuss",
    "currentPrice": "€1,79",
    "originalPrice": "€1,99",
    "discount": "10% OFF",
    "unitMeasure": "95 G",
    "category": "Snacks & Confectionery (Süßwaren & Snacks)",
    "productUrl": "https://www.spar.at/produktwelt/milka-alpenmilch-schokolade-ganznuss-p6265823",
    "storeName": "SPAR",
    "searchTags": [
      "milka",
      "alpenmilch",
      "schokolade",
      "ganznuss",
      "tafel",
      "nuss",
      "milchschokolade",
      "süßigkeiten",
      "haselnuss"
    ],
    "offerStartDate": "2024-04-23",
    "offerEndDate": "2024-04-23"
  },
  {
    "productHash": "maggi-magic-asia-wuerzpaste-teriyaki-style",
    "productName": "Maggi Magic Asia Würzpaste Teriyaki Style",
    "currentPrice": "€0,74",
    "originalPrice": "€1,49",
    "discount": "50% OFF",
    "unitMeasure": "65 G",
    "category": "Pantry & Baking (Grundnahrungsmittel)",
    "productUrl": "https://www.spar.at/produktwelt/maggi-magic-asia-wuerzpaste-teriyaki-style-p2020005796133",
    "storeName": "SPAR",
    "searchTags": [
      "maggi",
      "magic-asia",
      "würzpaste",
      "teriyaki",
      "style",
      "asiatisch",
      "würzsauce",
      "küche",
      "pasta"
    ],
    "offerStartDate": "2024-04-23",
    "offerEndDate": "2024-04-23"
  },
  {
    "productHash": "schaerdinger-sirius-camembert-portioniert",
    "productName": "Schärdinger Sirius Camembert portioniert",
    "currentPrice": "€3,29",
    "originalPrice": "€4,79",
    "discount": "31% OFF",
    "unitMeasure": "300 G",
    "category": "Dairy & Eggs (Milchprodukte & Eier)",
    "productUrl": "https://www.spar.at/produktwelt/schaerdinger-camembert-p5054206",
    "storeName": "SPAR",
    "searchTags": [
      "schärdinger",
      "sirius",
      "camembert",
      "käse",
      "weichkäse",
      "milchprodukt",
      "portioniert",
      "schnittkäse"
    ],
    "offerStartDate": "2024-04-23",
    "offerEndDate": "2024-04-23"
  },
  {
    "productHash": "kelly-s-riffels-kartoffelchips-sour-cream-onion",
    "productName": "Kelly's Riffels Kartoffelchips Sour Cream & Onion",
    "currentPrice": "€1,99",
    "originalPrice": "€2,99",
    "discount": "33% OFF",
    "unitMeasure": "130 G",
    "category": "Snacks & Confectionery (Süßwaren & Snacks)",
    "productUrl": "https://www.spar.at/produktwelt/kelly-s-riffels-kartoffelchips-sour-cream-onion-p2020004736796",
    "storeName": "SPAR",
    "searchTags": [
      "kelly-s",
      "riffels",
      "kartoffelchips",
      "sour-cream",
      "onion",
      "chips",
      "snack",
      "kesselchips",
      "zwiebel"
    ],
    "offerStartDate": "2024-04-23",
    "offerEndDate": "2024-04-23"
  },
  {
    "productHash": "maggi-magic-asia-wuerzpaste-curry-indian-style",
    "productName": "Maggi Magic Asia Würzpaste Curry Indian Style",
    "currentPrice": "€0,74",
    "originalPrice": "€1,49",
    "discount": "50% OFF",
    "unitMeasure": "65 G",
    "category": "Pantry & Baking (Grundnahrungsmittel)",
    "productUrl": "https://www.spar.at/produktwelt/maggi-magic-asia-wuerzpaste-curry-indian-style-p2020005796003",
    "storeName": "SPAR",
    "searchTags": [
      "maggi",
      "magic-asia",
      "würzpaste",
      "curry",
      "indian-style",
      "asiatisch",
      "würzsauce",
      "indisch",
      "küche"
    ],
    "offerStartDate": "2024-04-23",
    "offerEndDate": "2024-04-23"
  },
  {
    "productHash": "twix-white-4-x-2x23g",
    "productName": "Twix white 4 x (2x23g)",
    "currentPrice": "€1,99",
    "originalPrice": "€2,99",
    "discount": "33% OFF",
    "unitMeasure": "184 G",
    "category": "Snacks & Confectionery (Süßwaren & Snacks)",
    "productUrl": "https://www.spar.at/produktwelt/twix-white-4-x-2x23g-p2020001299522",
    "storeName": "SPAR",
    "searchTags": [
      "twix",
      "white",
      "schokolade",
      "riegel",
      "keks",
      "karamell",
      "süßigkeiten",
      "weiße-schokolade",
      "4-pack"
    ],
    "offerStartDate": "2024-04-23",
    "offerEndDate": "2024-04-23"
  },
  {
    "productHash": "knoppers-nussriegel-kokos-3er",
    "productName": "Knoppers Nussriegel Kokos 3er",
    "currentPrice": "€1,59",
    "originalPrice": "€1,79",
    "discount": "11% OFF",
    "unitMeasure": "120 G",
    "category": "Snacks & Confectionery (Süßwaren & Snacks)",
    "productUrl": "https://www.spar.at/produktwelt/knoppers-nussriegel-kokos-3er-p2020003298455",
    "storeName": "SPAR",
    "searchTags": [
      "knoppers",
      "nussriegel",
      "kokos",
      "riegel",
      "schokolade",
      "nuss",
      "waffel",
      "süßigkeiten",
      "3er-pack"
    ],
    "offerStartDate": "2024-04-23",
    "offerEndDate": "2024-04-23"
  },
  {
    "productHash": "bahlsen-leibniz-minis-butterkeks",
    "productName": "Bahlsen Leibniz Minis Butterkeks",
    "currentPrice": "€2,29",
    "originalPrice": "€2,49",
    "discount": "8% OFF",
    "unitMeasure": "150 G",
    "category": "Snacks & Confectionery (Süßwaren & Snacks)",
    "productUrl": "https://www.spar.at/produktwelt/bahlsen-leibniz-minis-butterkeks-p3624456",
    "storeName": "SPAR",
    "searchTags": [
      "bahlsen",
      "leibniz",
      "minis",
      "butterkeks",
      "keks",
      "gebäck",
      "kindergebäck",
      "snack",
      "klein"
    ],
    "offerStartDate": "2024-04-23",
    "offerEndDate": "2024-04-23"
  },
  {
    "productHash": "iglo-erntefrisch-farmers-gemuese",
    "productName": "Iglo Erntefrisch Farmers Gemüse",
    "currentPrice": "€3,19",
    "originalPrice": "€4,79",
    "discount": "33% OFF",
    "unitMeasure": "650 G",
    "category": "Frozen Foods (Tiefkühl)",
    "productUrl": "https://www.spar.at/produktwelt/iglo-erntefrisch-farmers-gemuese-p2552637",
    "storeName": "SPAR",
    "searchTags": [
      "iglo",
      "erntefrisch",
      "farmers",
      "gemüse",
      "tiefkühlgemüse",
      "mischung",
      "vegetarisch",
      "pflanzlich",
      "tiefkühlkost"
    ],
    "offerStartDate": "2024-04-23",
    "offerEndDate": "2024-04-23"
  },
  {
    "productHash": "oatly-haferdrink-barista",
    "productName": "OATLY Haferdrink Barista",
    "currentPrice": "€1,99",
    "originalPrice": "€2,79",
    "discount": "29% OFF",
    "unitMeasure": "1 L",
    "category": "Drinks & Beverages (Getränke)",
    "productUrl": "https://www.spar.at/produktwelt/oatly-haferdrink-barista-p2020003177736",
    "storeName": "SPAR",
    "searchTags": [
      "oatly",
      "haferdrink",
      "barista",
      "hafermilch",
      "pflanzlich",
      "getränk",
      "milchersatz",
      "vegan",
      "kaffee"
    ],
    "offerStartDate": "2024-04-23",
    "offerEndDate": "2024-04-23"
  },
  {
    "productHash": "rama-schlagcreme-100-pflanzlich",
    "productName": "Rama Schlagcreme 100% Pflanzlich",
    "currentPrice": "€0,96",
    "originalPrice": "€1,45",
    "discount": "34% OFF",
    "unitMeasure": "200 ML",
    "category": "Dairy & Eggs (Milchprodukte & Eier)",
    "productUrl": "https://www.spar.at/produktwelt/rama-schlagcreme-100-pflanzlich-p2020003577468",
    "storeName": "SPAR",
    "searchTags": [
      "rama",
      "schlagcreme",
      "pflanzlich",
      "sahneersatz",
      "vegan",
      "backen",
      "dessert",
      "creme",
      "milchersatz"
    ],
    "offerStartDate": "2024-04-23",
    "offerEndDate": "2024-04-23"
  },
  {
    "productHash": "kelly-s-4-in-1-chips-joghurt-gurke",
    "productName": "Kelly's 4 in 1 Chips Joghurt Gurke",
    "currentPrice": "€1,99",
    "originalPrice": "€2,39",
    "discount": "17% OFF",
    "unitMeasure": "70 G",
    "category": "Snacks & Confectionery (Süßwaren & Snacks)",
    "productUrl": "https://www.spar.at/produktwelt/kelly-s-4-in-1-chips-joghurt-gurke-p2020003791826",
    "storeName": "SPAR",
    "searchTags": [
      "kelly-s",
      "4-in-1",
      "chips",
      "joghurt",
      "gurke",
      "snack",
      "kesselchips",
      "kombination",
      "geschmack"
    ],
    "offerStartDate": "2024-04-23",
    "offerEndDate": "2024-04-23"
  },
  {
    "productHash": "salzburgmilch-premium-bergbauern-h-milch-3-5",
    "productName": "SalzburgMilch Premium Bergbauern H-Milch 3,5%",
    "currentPrice": "€0,99",
    "originalPrice": "€1,59",
    "discount": "38% OFF",
    "unitMeasure": "1 L",
    "category": "Dairy & Eggs (Milchprodukte & Eier)",
    "productUrl": "https://www.spar.at/produktwelt/salzburgmilch-premium-bergbauern-h-milch-3-5-p2020000957461",
    "storeName": "SPAR",
    "searchTags": [
      "salzburgmilch",
      "premium",
      "bergbauern",
      "h-milch",
      "milch",
      "vollmilch",
      "haltbarmilch",
      "getränk",
      "3-5"
    ],
    "offerStartDate": "2024-04-23",
    "offerEndDate": "2024-04-23"
  },
  {
    "productHash": "gm-pesendorfer-bar-mix",
    "productName": "GM Pesendorfer Bar Mix",
    "currentPrice": "€4,49",
    "originalPrice": "€4,99",
    "discount": "10% OFF",
    "unitMeasure": "200 G",
    "category": "Snacks & Confectionery (Süßwaren & Snacks)",
    "productUrl": "https://www.spar.at/produktwelt/gm-pesendorfer-bar-mix-p2020002668310",
    "storeName": "SPAR",
    "searchTags": [
      "gm-pesendorfer",
      "bar-mix",
      "nüsse",
      "kernmischung",
      "snack",
      "knabberzeug",
      "mischung",
      "salzig"
    ],
    "offerStartDate": "2024-04-23",
    "offerEndDate": "2024-04-23"
  },
  {
    "productHash": "nestle-after-eight-orange-200g",
    "productName": "Nestlé After Eight Orange 200g",
    "currentPrice": "€4,49",
    "originalPrice": "€4,99",
    "discount": "10% OFF",
    "unitMeasure": "200 G",
    "category": "Snacks & Confectionery (Süßwaren & Snacks)",
    "productUrl": "https://www.spar.at/produktwelt/nestle-after-eight-orange-200g-p2020003099021",
    "storeName": "SPAR",
    "searchTags": [
      "nestlé",
      "after-eight",
      "orange",
      "schokolade",
      "minze",
      "täfelchen",
      "süßigkeiten",
      "minzschokolade",
      "200g"
    ],
    "offerStartDate": "2024-04-23",
    "offerEndDate": "2024-04-23"
  },
  {
    "productHash": "iglo-erntefrisch-ganze-fisolen",
    "productName": "Iglo Erntefrisch Ganze Fisolen",
    "currentPrice": "€3,19",
    "originalPrice": "€4,79",
    "discount": "33% OFF",
    "unitMeasure": "650 G",
    "category": "Frozen Foods (Tiefkühl)",
    "productUrl": "https://www.spar.at/produktwelt/iglo-erntefrisch-ganze-fisolen-p2550237",
    "storeName": "SPAR",
    "searchTags": [
      "iglo",
      "erntefrisch",
      "ganze",
      "fisolen",
      "bohnen",
      "gemüse",
      "tiefkühlgemüse",
      "vegetarisch",
      "pflanzlich"
    ],
    "offerStartDate": "2024-04-23",
    "offerEndDate": "2024-04-23"
  },
  {
    "productHash": "lindt-lindor-tafel-pistazie",
    "productName": "Lindt Lindor Tafel Pistazie",
    "currentPrice": "€1,99",
    "originalPrice": "€3,99",
    "discount": "50% OFF",
    "unitMeasure": "100 G",
    "category": "Snacks & Confectionery (Süßwaren & Snacks)",
    "productUrl": "https://www.spar.at/produktwelt/lindt-lindor-tafel-pistazie-p2020003096242",
    "storeName": "SPAR",
    "searchTags": [
      "lindt",
      "lindor",
      "tafel",
      "pistazie",
      "schokolade",
      "nuss",
      "süßigkeiten",
      "edel",
      "pistazienschokolade"
    ],
    "offerStartDate": "2024-04-23",
    "offerEndDate": "2024-04-23"
  },
  {
    "productHash": "iglo-erntefrisch-broccoli",
    "productName": "Iglo Erntefrisch Broccoli",
    "currentPrice": "€3,19",
    "originalPrice": "€4,79",
    "discount": "33% OFF",
    "unitMeasure": "600 G",
    "category": "Frozen Foods (Tiefkühl)",
    "productUrl": "https://www.spar.at/produktwelt/iglo-erntefrisch-broccoli-p4665106",
    "storeName": "SPAR",
    "searchTags": [
      "iglo",
      "erntefrisch",
      "broccoli",
      "brokkoli",
      "gemüse",
      "tiefkühlgemüse",
      "vegetarisch",
      "pflanzlich"
    ],
    "offerStartDate": "2024-04-23",
    "offerEndDate": "2024-04-23"
  },
  {
    "productHash": "mars-karamell-3er",
    "productName": "Mars Karamell 3er",
    "currentPrice": "€1,99",
    "originalPrice": "€2,29",
    "discount": "13% OFF",
    "unitMeasure": "135 G",
    "category": "Snacks & Confectionery (Süßwaren & Snacks)",
    "productUrl": "https://www.spar.at/produktwelt/mars-karamell-3er-p2020004847126",
    "storeName": "SPAR",
    "searchTags": [
      "mars",
      "karamell",
      "schokolade",
      "riegel",
      "süßigkeiten",
      "nougat",
      "3er-pack"
    ],
    "offerStartDate": "2024-04-23",
    "offerEndDate": "2024-04-23"
  },
  {
    "productHash": "kelly-s-chips-paprika",
    "productName": "Kelly's Chips Paprika",
    "currentPrice": "€1,99",
    "originalPrice": "€2,99",
    "discount": "33% OFF",
    "unitMeasure": "150 G",
    "category": "Snacks & Confectionery (Süßwaren & Snacks)",
    "productUrl": "https://www.spar.at/produktwelt/kelly-s-chips-paprika-p7529467",
    "storeName": "SPAR",
    "searchTags": [
      "kelly-s",
      "chips",
      "paprika",
      "snack",
      "kesselchips",
      "erdäpfelchips",
      "würzig",
      "salzig"
    ],
    "offerStartDate": "2024-04-23",
    "offerEndDate": "2024-04-23"
  },
  {
    "productHash": "philadelphia-so-leicht-natur",
    "productName": "Philadelphia So Leicht Natur",
    "currentPrice": "€1,99",
    "originalPrice": "€2,49",
    "discount": "20% OFF",
    "unitMeasure": "175 G",
    "category": "Dairy & Eggs (Milchprodukte & Eier)",
    "productUrl": "https://www.spar.at/produktwelt/philadelphia-so-leicht-natur-p6930523",
    "storeName": "SPAR",
    "searchTags": [
      "philadelphia",
      "so-leicht",
      "natur",
      "frischkäse",
      "käse",
      "aufstrich",
      "light",
      "milchprodukt",
      "creme"
    ],
    "offerStartDate": "2024-04-23",
    "offerEndDate": "2024-04-23"
  },
  {
    "productHash": "twix-knusperkeks-3er",
    "productName": "Twix Knusperkeks 3er",
    "currentPrice": "€1,99",
    "originalPrice": "€2,29",
    "discount": "13% OFF",
    "unitMeasure": "150 G",
    "category": "Snacks & Confectionery (Süßwaren & Snacks)",
    "productUrl": "https://www.spar.at/produktwelt/twix-knusperkeks-3er-p2020004847102",
    "storeName": "SPAR",
    "searchTags": [
      "twix",
      "knusperkeks",
      "schokolade",
      "riegel",
      "keks",
      "karamell",
      "süßigkeiten",
      "3er-pack"
    ],
    "offerStartDate": "2024-04-23",
    "offerEndDate": "2024-04-23"
  },
  {
    "productHash": "manner-neapolitaner-vollkorn-3x75g",
    "productName": "Manner Neapolitaner Vollkorn 3 x 75g",
    "currentPrice": "€3,29",
    "originalPrice": "€3,69",
    "discount": "11% OFF",
    "unitMeasure": "225 G",
    "category": "Snacks & Confectionery (Süßwaren & Snacks)",
    "productUrl": "https://www.spar.at/produktwelt/manner-neapolitaner-vollkorn-3-x-75g-p7660436",
    "storeName": "SPAR",
    "searchTags": [
      "manner",
      "neapolitaner",
      "vollkorn",
      "waffeln",
      "haselnuss",
      "gebäck",
      "süßigkeiten",
      "3x75g"
    ],
    "offerStartDate": "2024-04-23",
    "offerEndDate": "2024-04-23"
  },
  {
    "productHash": "noem-pro-kakao-0-350",
    "productName": "NÖM PRO Kakao 0,350",
    "currentPrice": "€1,14",
    "originalPrice": "€2,29",
    "discount": "50% OFF",
    "unitMeasure": "350 G",
    "category": "Dairy & Eggs (Milchprodukte & Eier)",
    "productUrl": "https://www.spar.at/produktwelt/noem-pro-kakao-p2020002793975",
    "storeName": "SPAR",
    "searchTags": [
      "nöm",
      "pro",
      "kakao",
      "schoko",
      "joghurt",
      "drink",
      "proteindrink",
      "milchprodukt",
      "0-350l"
    ],
    "offerStartDate": "2024-04-23",
    "offerEndDate": "2024-04-23"
  },
  {
    "productHash": "eskimo-magnum-mini-almond-6-stueck",
    "productName": "Eskimo Magnum Mini Almond 6 Stück",
    "currentPrice": "€7,29",
    "originalPrice": "€N/A",
    "discount": "N/A",
    "unitMeasure": "330 ML",
    "category": "Frozen Foods (Tiefkühl)",
    "productUrl": "https://www.spar.at/produktwelt/eskimo-magnum-mini-almond-6-stueck-p2020002311216",
    "storeName": "SPAR",
    "searchTags": [
      "eskimo",
      "magnum",
      "mini",
      "almond",
      "mandel",
      "eis",
      "eiscreme",
      "tiefkühl",
      "nuss",
      "6-stück"
    ],
    "offerStartDate": "2024-04-23",
    "offerEndDate": "2024-04-23"
  },
  {
    "productHash": "soletti-babybrezel",
    "productName": "Soletti Babybrezel",
    "currentPrice": "€1,24",
    "originalPrice": "€2,49",
    "discount": "50% OFF",
    "unitMeasure": "200 G",
    "category": "Snacks & Confectionery (Süßwaren & Snacks)",
    "productUrl": "https://www.spar.at/produktwelt/soletti-babybrezel-p6978792",
    "storeName": "SPAR",
    "searchTags": [
      "soletti",
      "babybrezel",
      "brezel",
      "salzgebäck",
      "snack",
      "kindergebäck",
      "klein",
      "salzig"
    ],
    "offerStartDate": "2024-04-23",
    "offerEndDate": "2024-04-23"
  },
  {
    "productHash": "nestle-after-eight-classic-200g",
    "productName": "Nestlé After Eight Classic 200g",
    "currentPrice": "€4,49",
    "originalPrice": "€4,99",
    "discount": "10% OFF",
    "unitMeasure": "200 G",
    "category": "Snacks & Confectionery (Süßwaren & Snacks)",
    "productUrl": "https://www.spar.at/produktwelt/nestle-after-eight-classic-p7621048",
    "storeName": "SPAR",
    "searchTags": [
      "nestlé",
      "after-eight",
      "classic",
      "schokolade",
      "minze",
      "täfelchen",
      "süßigkeiten",
      "minzschokolade",
      "200g"
    ],
    "offerStartDate": "2024-04-23",
    "offerEndDate": "2024-04-23"
  },
  {
    "productHash": "gm-pesendorfer-erdbeer-chips",
    "productName": "GM Pesendorfer Erdbeer Chips",
    "currentPrice": "€3,99",
    "originalPrice": "€4,49",
    "discount": "11% OFF",
    "unitMeasure": "30 G",
    "category": "Snacks & Confectionery (Süßwaren & Snacks)",
    "productUrl": "https://www.spar.at/produktwelt/gm-pesendorfer-erdbeer-chips-p2020003219788",
    "storeName": "SPAR",
    "searchTags": [
      "gm-pesendorfer",
      "erdbeer",
      "chips",
      "fruchtchips",
      "snack",
      "erdbeere",
      "getrocknete-früchte",
      "süß"
    ],
    "offerStartDate": "2024-04-23",
    "offerEndDate": "2024-04-23"
  },
  {
    "productHash": "milka-kuechlein-choco-brookie",
    "productName": "Milka Küchlein Choco Brookie",
    "currentPrice": "€1,64",
    "originalPrice": "€3,29",
    "discount": "50% OFF",
    "unitMeasure": "132 G",
    "category": "Snacks & Confectionery (Süßwaren & Snacks)",
    "productUrl": "https://www.spar.at/produktwelt/milka-kuechlein-choco-brookie-p2020004286567",
    "storeName": "SPAR",
    "searchTags": [
      "milka",
      "küchlein",
      "choco-brookie",
      "gebäck",
      "schokolade",
      "brownie",
      "cookie",
      "snack",
      "süßigkeiten"
    ],
    "offerStartDate": "2024-04-23",
    "offerEndDate": "2024-04-23"
  },
  {
    "productHash": "bahlsen-leibniz-minis-choco",
    "productName": "Bahlsen Leibniz Minis Choco",
    "currentPrice": "€2,29",
    "originalPrice": "€2,49",
    "discount": "8% OFF",
    "unitMeasure": "125 G",
    "category": "Snacks & Confectionery (Süßwaren & Snacks)",
    "productUrl": "https://www.spar.at/produktwelt/bahlsen-leibniz-minis-choco-p3624449",
    "storeName": "SPAR",
    "searchTags": [
      "bahlsen",
      "leibniz",
      "minis",
      "choco",
      "schokolade",
      "keks",
      "gebäck",
      "kindergebäck",
      "snack"
    ],
    "offerStartDate": "2024-04-23",
    "offerEndDate": "2024-04-23"
  },
  {
    "productHash": "loidl-salami-sticks",
    "productName": "Loidl Salami Sticks",
    "currentPrice": "€1,52",
    "originalPrice": "€2,29",
    "discount": "34% OFF",
    "unitMeasure": "80 G",
    "category": "Meat & Poultry (Fleisch & Geflügel)",
    "productUrl": "https://www.spar.at/produktwelt/loidl-salami-sticks-p2020003192586",
    "storeName": "SPAR",
    "searchTags": [
      "loidl",
      "salami-sticks",
      "salami",
      "fleisch",
      "snack",
      "wurst",
      "pikant",
      "aufschnitt"
    ],
    "offerStartDate": "2024-04-23",
    "offerEndDate": "2024-04-23"
  },
  {
    "productHash": "manner-snack-minis-schoko",
    "productName": "Manner Snack Minis Schoko",
    "currentPrice": "€3,29",
    "originalPrice": "€3,69",
    "discount": "11% OFF",
    "unitMeasure": "225 G",
    "category": "Snacks & Confectionery (Süßwaren & Snacks)",
    "productUrl": "https://www.spar.at/produktwelt/manner-snack-minis-schoko-p2020004238207",
    "storeName": "SPAR",
    "searchTags": [
      "manner",
      "snack",
      "minis",
      "schoko",
      "waffeln",
      "schokolade",
      "gebäck",
      "süßigkeiten",
      "klein"
    ],
    "offerStartDate": "2024-04-23",
    "offerEndDate": "2024-04-23"
  },
  {
    "productHash": "knorr-meister-kessel-serbische-bohnensuppe-2-portionen",
    "productName": "Knorr Meister Kessel Serbische Bohnensuppe 2 Portionen",
    "currentPrice": "€2,79",
    "originalPrice": "€3,99",
    "discount": "30% OFF",
    "unitMeasure": "500 G",
    "category": "Pantry & Baking (Grundnahrungsmittel)",
    "productUrl": "https://www.spar.at/produktwelt/knorr-meister-kessel-serbische-bohnensuppe-2-portionen-p132800",
    "storeName": "SPAR",
    "searchTags": [
      "knorr",
      "meister",
      "kessel",
      "serbische",
      "bohnensuppe",
      "suppe",
      "fertiggericht",
      "grundnahrungsmittel",
      "2-portionen"
    ],
    "offerStartDate": "2024-04-23",
    "offerEndDate": "2024-04-23"
  },
  {
    "productHash": "milka-alpenmilch-schokolade",
    "productName": "Milka Alpenmilch Schokolade",
    "currentPrice": "€1,79",
    "originalPrice": "€1,99",
    "discount": "10% OFF",
    "unitMeasure": "90 G",
    "category": "Snacks & Confectionery (Süßwaren & Snacks)",
    "productUrl": "https://www.spar.at/produktwelt/milka-alpenmilch-schokolade-p6265564",
    "storeName": "SPAR",
    "searchTags": [
      "milka",
      "alpenmilch",
      "schokolade",
      "tafel",
      "milchschokolade",
      "süßigkeiten",
      "klassisch"
    ],
    "offerStartDate": "2024-04-23",
    "offerEndDate": "2024-04-23"
  },
  {
    "productHash": "milka-alpenmilch-schokolade-noisette",
    "productName": "Milka Alpenmilch Schokolade Noisette",
    "currentPrice": "€1,79",
    "originalPrice": "€1,99",
    "discount": "10% OFF",
    "unitMeasure": "90 G",
    "category": "Snacks & Confectionery (Süßwaren & Snacks)",
    "productUrl": "https://www.spar.at/produktwelt/milka-alpenmilch-schokolade-noisette-p6265755",
    "storeName": "SPAR",
    "searchTags": [
      "milka",
      "alpenmilch",
      "schokolade",
      "noisette",
      "haselnuss",
      "tafel",
      "milchschokolade",
      "süßigkeiten",
      "nuss"
    ],
    "offerStartDate": "2024-04-23",
    "offerEndDate": "2024-04-23"
  },
  {
    "productHash": "ben-s-original-express-reis-langkorn",
    "productName": "BEN’s ORIGINAL Express Reis Langkorn",
    "currentPrice": "€2,59",
    "originalPrice": "€N/A",
    "discount": "N/A",
    "unitMeasure": "220 G",
    "category": "Pantry & Baking (Grundnahrungsmittel)",
    "productUrl": "https://www.spar.at/produktwelt/ben-s-original-express-reis-langkorn-p4155614",
    "storeName": "SPAR",
    "searchTags": [
      "ben-s-original",
      "express-reis",
      "langkorn",
      "reis",
      "fertigreis",
      "schnell",
      "grundnahrungsmittel",
      "beilage"
    ],
    "offerStartDate": "2024-04-23",
    "offerEndDate": "2024-04-23"
  },
  {
    "productHash": "philadelphia-klassisch-natur",
    "productName": "Philadelphia Klassisch Natur",
    "currentPrice": "€1,99",
    "originalPrice": "€2,49",
    "discount": "20% OFF",
    "unitMeasure": "175 G",
    "category": "Dairy & Eggs (Milchprodukte & Eier)",
    "productUrl": "https://www.spar.at/produktwelt/philadelphia-klassisch-natur-p6931261",
    "storeName": "SPAR",
    "searchTags": [
      "philadelphia",
      "klassisch",
      "natur",
      "frischkäse",
      "käse",
      "aufstrich",
      "milchprodukt",
      "creme"
    ],
    "offerStartDate": "2024-04-23",
    "offerEndDate": "2024-04-23"
  },
  {
    "productHash": "ruben-s-pistazien-creme-pistaziencreme-crunchy",
    "productName": "Ruben’s Pistazien Creme Pistaziencreme crunchy",
    "currentPrice": "€2,99",
    "originalPrice": "€3,99",
    "discount": "25% OFF",
    "unitMeasure": "180 G",
    "category": "Pantry & Baking (Grundnahrungsmittel)",
    "productUrl": "https://www.spar.at/produktwelt/ruben-s-pistazien-creme-pistaziencreme-crunchy-p2020005657380",
    "storeName": "SPAR",
    "searchTags": [
      "ruben-s",
      "pistazien",
      "creme",
      "pistaziencreme",
      "crunchy",
      "brotaufstrich",
      "süßaufstrich",
      "nusscreme",
      "knusprig"
    ],
    "offerStartDate": "2024-04-23",
    "offerEndDate": "2024-04-23"
  },
  {
    "productHash": "lindt-lindor-tafel-weiss",
    "productName": "Lindt Lindor Tafel Weiß",
    "currentPrice": "€1,99",
    "originalPrice": "€3,99",
    "discount": "50% OFF",
    "unitMeasure": "100 G",
    "category": "Snacks & Confectionery (Süßwaren & Snacks)",
    "productUrl": "https://www.spar.at/produktwelt/lindt-lindor-tafel-weiss-p953030",
    "storeName": "SPAR",
    "searchTags": [
      "lindt",
      "lindor",
      "tafel",
      "weiß",
      "schokolade",
      "weiße-schokolade",
      "süßigkeiten",
      "edel"
    ],
    "offerStartDate": "2024-04-23",
    "offerEndDate": "2024-04-23"
  },
  {
    "productHash": "noem-fru-fru-geruehrte-sauermilch-mit-frucht-vanille-kaffee-0-200",
    "productName": "NÖM Fru Fru gerührte Sauermilch mit Frucht Vanille Kaffee 0,200",
    "currentPrice": "€0,47",
    "originalPrice": "€0,95",
    "discount": "51% OFF",
    "unitMeasure": "200 G",
    "category": "Dairy & Eggs (Milchprodukte & Eier)",
    "productUrl": "https://www.spar.at/produktwelt/noem-fru-fru-geruehrte-sauermilch-mit-frucht-vanille-kaffee-0-200-p2020005405370",
    "storeName": "SPAR",
    "searchTags": [
      "nöm",
      "fru-fru",
      "sauermilch",
      "frucht",
      "vanille",
      "kaffee",
      "joghurt",
      "milchprodukt",
      "0-200l"
    ],
    "offerStartDate": "2024-04-23",
    "offerEndDate": "2024-04-23"
  },
  {
    "productHash": "kelly-s-zwiebli-ringe",
    "productName": "Kelly's Zwiebli-Ringe",
    "currentPrice": "€1,79",
    "originalPrice": "€2,49",
    "discount": "28% OFF",
    "unitMeasure": "80 G",
    "category": "Snacks & Confectionery (Süßwaren & Snacks)",
    "productUrl": "https://www.spar.at/produktwelt/kelly-s-zwiebli-ringe-p7043352",
    "storeName": "SPAR",
    "searchTags": [
      "kelly-s",
      "zwiebli-ringe",
      "zwiebelringe",
      "snack",
      "knabbergebäck",
      "würzig",
      "salzig",
      "ringe"
    ],
    "offerStartDate": "2024-04-23",
    "offerEndDate": "2024-04-23"
  },
  {
    "productHash": "knorr-meister-kessel-kartoffelsuppe-2-portionen",
    "productName": "Knorr Meister Kessel Kartoffelsuppe 2 Portionen",
    "currentPrice": "€2,79",
    "originalPrice": "€3,99",
    "discount": "30% OFF",
    "unitMeasure": "500 G",
    "category": "Pantry & Baking (Grundnahrungsmittel)",
    "productUrl": "https://www.spar.at/produktwelt/knorr-meister-kessel-kartoffelsuppe-2-portionen-p309813",
    "storeName": "SPAR",
    "searchTags": [
      "knorr",
      "meister",
      "kessel",
      "kartoffelsuppe",
      "suppe",
      "fertiggericht",
      "grundnahrungsmittel",
      "2-portionen",
      "gemüsesuppe"
    ],
    "offerStartDate": "2024-04-23",
    "offerEndDate": "2024-04-23"
  },
  {
    "productHash": "ben-s-original-express-risi-bisi",
    "productName": "BEN’s ORIGINAL Express Risi Bisi",
    "currentPrice": "€2,59",
    "originalPrice": "€N/A",
    "discount": "N/A",
    "unitMeasure": "220 G",
    "category": "Pantry & Baking (Grundnahrungsmittel)",
    "productUrl": "https://www.spar.at/produktwelt/ben-s-original-express-risi-bisi-p2020003291265",
    "storeName": "SPAR",
    "searchTags": [
      "ben-s-original",
      "express-risi-bisi",
      "reis",
      "fertigreis",
      "erbsen",
      "schnell",
      "grundnahrungsmittel",
      "beilage",
      "gemüse"
    ],
    "offerStartDate": "2024-04-23",
    "offerEndDate": "2024-04-23"
  },
  {
    "productHash": "knorr-meister-kessel-kraeftige-rindsuppe-2-portionen",
    "productName": "Knorr Meister Kessel Kräftige Rindsuppe 2 Portionen",
    "currentPrice": "€2,79",
    "originalPrice": "€3,99",
    "discount": "30% OFF",
    "unitMeasure": "500 G",
    "category": "Pantry & Baking (Grundnahrungsmittel)",
    "productUrl": "https://www.spar.at/produktwelt/knorr-meister-kessel-kraeftige-rindsuppe-2-prtionen-p3946398",
    "storeName": "SPAR",
    "searchTags": [
      "knorr",
      "meister",
      "kessel",
      "kräftige",
      "rindsuppe",
      "suppe",
      "fertiggericht",
      "grundnahrungsmittel",
      "fleischsuppe",
      "2-portionen"
    ],
    "offerStartDate": "2024-04-23",
    "offerEndDate": "2024-04-23"
  },
  {
    "productHash": "bertagni-ragu-alla-bolognese",
    "productName": "Bertagni Ragu alla Bolognese",
    "currentPrice": "€1,49",
    "originalPrice": "€2,99",
    "discount": "50% OFF",
    "unitMeasure": "285 G",
    "category": "Pantry & Baking (Grundnahrungsmittel)",
    "productUrl": "https://www.spar.at/produktwelt/bertagni-ragu-alla-bolognese-p2020005932524",
    "storeName": "SPAR",
    "searchTags": [
      "bertagni",
      "ragu",
      "bolognese",
      "sauce",
      "fleischsauce",
      "pastasauce",
      "grundnahrungsmittel",
      "italienisch"
    ],
    "offerStartDate": "2024-04-23",
    "offerEndDate": "2024-04-23"
  },
  {
    "productHash": "wojnar-s-liptauer-scharf",
    "productName": "Wojnar's Liptauer scharf",
    "currentPrice": "€1,69",
    "originalPrice": "€1,99",
    "discount": "15% OFF",
    "unitMeasure": "150 G",
    "category": "Dairy & Eggs (Milchprodukte & Eier)",
    "productUrl": "https://www.spar.at/produktwelt/wojnar-liptauer-scharf-p2020005732551",
    "storeName": "SPAR",
    "searchTags": [
      "wojnar-s",
      "liptauer",
      "scharf",
      "käseaufstrich",
      "aufstrich",
      "milchprodukt",
      "würzig",
      "pikant"
    ],
    "offerStartDate": "2024-04-23",
    "offerEndDate": "2024-04-23"
  },
  {
    "productHash": "funny-frisch-ofen-chips-sour-cream",
    "productName": "Funny Frisch Ofen Chips Sour Cream",
    "currentPrice": "€1,99",
    "originalPrice": "€2,99",
    "discount": "33% OFF",
    "unitMeasure": "125 G",
    "category": "Snacks & Confectionery (Süßwaren & Snacks)",
    "productUrl": "https://www.spar.at/produktwelt/funny-frisch-ofen-chips-sour-cream-p7772498",
    "storeName": "SPAR",
    "searchTags": [
      "funny-frisch",
      "ofen-chips",
      "sour-cream",
      "chips",
      "snack",
      "kesselchips",
      "weniger-fett",
      "zwiebel"
    ],
    "offerStartDate": "2024-04-23",
    "offerEndDate": "2024-04-23"
  },
  {
    "productHash": "niemetz-schwedenbomben-6-stueck",
    "productName": "Niemetz Schwedenbomben 6 Stück",
    "currentPrice": "€2,49",
    "originalPrice": "€2,79",
    "discount": "11% OFF",
    "unitMeasure": "N/A",
    "category": "Snacks & Confectionery (Süßwaren & Snacks)",
    "productUrl": "https://www.spar.at/produktwelt/niemetz-schwedenbomben-6er-6-stueck-p6986667",
    "storeName": "SPAR",
    "searchTags": [
      "niemetz",
      "schwedenbomben",
      "schokolade",
      "schaumkuss",
      "süßigkeiten",
      "konfekt",
      "gebäck",
      "6-stück"
    ],
    "offerStartDate": "2024-04-23",
    "offerEndDate": "2024-04-23"
  },
  {
    "productHash": "doritos-tortilla-chips-sweet-chili-pepper",
    "productName": "Doritos Tortilla Chips Sweet Chili Pepper",
    "currentPrice": "€1,99",
    "originalPrice": "€2,49",
    "discount": "20% OFF",
    "unitMeasure": "N/A",
    "category": "Snacks & Confectionery (Süßwaren & Snacks)",
    "productUrl": "https://www.spar.at/produktwelt/doritos-tortilla-chips-sweet-chili-pepper-p6517861",
    "storeName": "SPAR",
    "searchTags": [
      "doritos",
      "tortilla-chips",
      "sweet-chili-pepper",
      "chips",
      "snack",
      "würzig",
      "scharf",
      "maischips",
      "mexikanisch"
    ],
    "offerStartDate": "2024-04-23",
    "offerEndDate": "2024-04-23"
  },
  {
    "productHash": "bertagni-sugo-al-tonno",
    "productName": "Bertagni Sugo al Tonno",
    "currentPrice": "€1,49",
    "originalPrice": "€2,99",
    "discount": "50% OFF",
    "unitMeasure": "285 G",
    "category": "Pantry & Baking (Grundnahrungsmittel)",
    "productUrl": "https://www.spar.at/produktwelt/bertagni-sugo-al-tonno-p2020004402370",
    "storeName": "SPAR",
    "searchTags": [
      "bertagni",
      "sugo",
      "tonno",
      "fischsauce",
      "pastasauce",
      "thunfisch",
      "grundnahrungsmittel",
      "meeresfrüchte"
    ],
    "offerStartDate": "2024-04-23",
    "offerEndDate": "2024-04-23"
  },
  {
    "productHash": "milka-alpenmilch-schokolade-tuc",
    "productName": "Milka Alpenmilch Schokolade Tuc",
    "currentPrice": "€1,79",
    "originalPrice": "€1,99",
    "discount": "10% OFF",
    "unitMeasure": "87 G",
    "category": "Snacks & Confectionery (Süßwaren & Snacks)",
    "productUrl": "https://www.spar.at/produktwelt/milka-alpenmilch-schokolade-tuc-p1635706",
    "storeName": "SPAR",
    "searchTags": [
      "milka",
      "alpenmilch",
      "schokolade",
      "tuc",
      "keks",
      "salzig",
      "süßigkeiten",
      "tafel",
      "milchschokolade"
    ],
    "offerStartDate": "2024-04-23",
    "offerEndDate": "2024-04-23"
  },
  {
    "productHash": "bertagni-sugo-al-basilico",
    "productName": "Bertagni Sugo al Basilico",
    "currentPrice": "€1,49",
    "originalPrice": "€2,99",
    "discount": "50% OFF",
    "unitMeasure": "285 G",
    "category": "Pantry & Baking (Grundnahrungsmittel)",
    "productUrl": "https://www.spar.at/produktwelt/bertagni-sugo-al-basilico-p2020004402417",
    "storeName": "SPAR",
    "searchTags": [
      "bertagni",
      "sugo",
      "basilico",
      "basilikum",
      "sauce",
      "pastasauce",
      "grundnahrungsmittel",
      "italienisch"
    ],
    "offerStartDate": "2024-04-23",
    "offerEndDate": "2024-04-23"
  },
  {
    "productHash": "bahlsen-leibniz-zoo-dinkel-hafer",
    "productName": "Bahlsen Leibniz Zoo Dinkel & Hafer",
    "currentPrice": "€2,29",
    "originalPrice": "€2,49",
    "discount": "8% OFF",
    "unitMeasure": "125 G",
    "category": "Snacks & Confectionery (Süßwaren & Snacks)",
    "productUrl": "https://www.spar.at/produktwelt/bahlsen-leibniz-zoo-dinkel-hafer-p6482428",
    "storeName": "SPAR",
    "searchTags": [
      "bahlsen",
      "leibniz",
      "zoo",
      "dinkel",
      "hafer",
      "keks",
      "gebäck",
      "kindergebäck",
      "vollkorn",
      "snack"
    ],
    "offerStartDate": "2024-04-23",
    "offerEndDate": "2024-04-23"
  },
  {
    "productHash": "milka-kuechlein-choc-choc",
    "productName": "Milka Küchlein Choc & Choc",
    "currentPrice": "€1,64",
    "originalPrice": "€3,29",
    "discount": "50% OFF",
    "unitMeasure": "175 G",
    "category": "Snacks & Confectionery (Süßwaren & Snacks)",
    "productUrl": "https://www.spar.at/produktwelt/milka-kuechlein-choc-choc-p2020000730316",
    "storeName": "SPAR",
    "searchTags": [
      "milka",
      "kuechlein",
      "choc choc",
      "kuchen",
      "gebäck",
      "snack",
      "schokolade",
      "dessert"
    ],
    "offerStartDate": "2024-05-15",
    "offerEndDate": "2024-05-15"
  },
  {
    "productHash": "knorr-meisterkessel-huehnersuppe-mit-nudeln",
    "productName": "Knorr Meisterkessel Hühnersuppe mit Nudeln",
    "currentPrice": "€2,79",
    "originalPrice": "€3,99",
    "discount": "30% OFF",
    "unitMeasure": "500 G",
    "category": "Pantry & Baking (Grundnahrungsmittel)",
    "productUrl": "https://www.spar.at/produktwelt/knorr-meisterkessel-huehnersuppe-mit-nudeln-p3150511",
    "storeName": "SPAR",
    "searchTags": [
      "knorr",
      "meisterkessel",
      "huehnersuppe",
      "nudeln",
      "suppe",
      "fertiggericht",
      "huhn",
      "mahlzeit"
    ],
    "offerStartDate": "2024-05-15",
    "offerEndDate": "2024-05-15"
  },
  {
    "productHash": "maggi-magic-asia-wuerzpaste-curry-thai-style",
    "productName": "Maggi Magic Asia Würzpaste Curry Thai Style",
    "currentPrice": "€0,74",
    "originalPrice": "€1,49",
    "discount": "50% OFF",
    "unitMeasure": "65 G",
    "category": "Pantry & Baking (Grundnahrungsmittel)",
    "productUrl": "https://www.spar.at/produktwelt/maggi-magic-asia-wuerzpaste-curry-thai-style-p2020005796171",
    "storeName": "SPAR",
    "searchTags": [
      "maggi",
      "magic asia",
      "wuerzpaste",
      "curry",
      "thai style",
      "paste",
      "gewürz",
      "asiatisch",
      "kochen"
    ],
    "offerStartDate": "2024-05-15",
    "offerEndDate": "2024-05-15"
  },
  {
    "productHash": "milka-alpenmilch-schokolade-traube-nuss",
    "productName": "Milka Alpenmilch Schokolade Traube Nuss",
    "currentPrice": "€1,79",
    "originalPrice": "€1,99",
    "discount": "10% OFF",
    "unitMeasure": "90 G",
    "category": "Snacks & Confectionery (Süßwaren & Snacks)",
    "productUrl": "https://www.spar.at/produktwelt/milka-alpenmilch-schokolade-traube-nuss-p6265779",
    "storeName": "SPAR",
    "searchTags": [
      "milka",
      "alpenmilch",
      "schokolade",
      "traube",
      "nuss",
      "süßigkeit",
      "riegel",
      "naschen",
      "tafel"
    ],
    "offerStartDate": "2024-05-15",
    "offerEndDate": "2024-05-15"
  },
  {
    "productHash": "iglo-mehlspeistraum-mohnnudeln",
    "productName": "Iglo Mehlspeistraum Mohnnudeln",
    "currentPrice": "€3,32",
    "originalPrice": "€4,99",
    "discount": "33% OFF",
    "unitMeasure": "500 G",
    "category": "Frozen Foods (Tiefkühl)",
    "productUrl": "https://www.spar.at/produktwelt/iglo-mehlspeistraum-mohnnudeln-p3238356",
    "storeName": "SPAR",
    "searchTags": [
      "iglo",
      "mehlspeistraum",
      "mohnnudeln",
      "tiefkühl",
      "fertiggericht",
      "dessert",
      "süßspeise",
      "nudeln",
      "mohn"
    ],
    "offerStartDate": "2024-05-15",
    "offerEndDate": "2024-05-15"
  },
  {
    "productHash": "milka-alpenmilch-schokolade-oreo",
    "productName": "Milka Alpenmilch Schokolade Oreo",
    "currentPrice": "€1,79",
    "originalPrice": "€1,99",
    "discount": "10% OFF",
    "unitMeasure": "100 G",
    "category": "Snacks & Confectionery (Süßwaren & Snacks)",
    "productUrl": "https://www.spar.at/produktwelt/milka-alpenmilch-schokolade-oreo-p8039521",
    "storeName": "SPAR",
    "searchTags": [
      "milka",
      "alpenmilch",
      "schokolade",
      "oreo",
      "süßigkeit",
      "riegel",
      "naschen",
      "tafel",
      "kekse"
    ],
    "offerStartDate": "2024-05-15",
    "offerEndDate": "2024-05-15"
  },
  {
    "productHash": "kellys-riffels-kartoffelchips-salz",
    "productName": "Kelly's Riffels Kartoffelchips Salz",
    "currentPrice": "€1,99",
    "originalPrice": "€2,99",
    "discount": "33% OFF",
    "unitMeasure": "130 G",
    "category": "Snacks & Confectionery (Süßwaren & Snacks)",
    "productUrl": "https://www.spar.at/produktwelt/kelly-s-riffels-kartoffelchips-salz-p2020004581143",
    "storeName": "SPAR",
    "searchTags": [
      "kellys",
      "riffels",
      "kartoffelchips",
      "salz",
      "chips",
      "snack",
      "salzig",
      "knabberzeug"
    ],
    "offerStartDate": "2024-05-15",
    "offerEndDate": "2024-05-15"
  },
  {
    "productHash": "oelz-nuss-stollen",
    "productName": "Ölz Nuss-Stollen",
    "currentPrice": "€4,79",
    "originalPrice": "€5,99",
    "discount": "20% OFF",
    "unitMeasure": "700 G",
    "category": "Bread & Bakery (Brot & Gebäck)",
    "productUrl": "https://www.spar.at/produktwelt/oelz-nuss-stollen-p800181",
    "storeName": "SPAR",
    "searchTags": [
      "oelz",
      "nuss-stollen",
      "stollen",
      "nussgebäck",
      "gebäck",
      "kuchen",
      "weihnachten",
      "süß"
    ],
    "offerStartDate": "2024-05-15",
    "offerEndDate": "2024-05-15"
  },
  {
    "productHash": "snickers",
    "productName": "Snickers 3er",
    "currentPrice": "€1,99",
    "originalPrice": "€2,29",
    "discount": "13% OFF",
    "unitMeasure": "150 G",
    "category": "Snacks & Confectionery (Süßwaren & Snacks)",
    "productUrl": "https://www.spar.at/produktwelt/snickers-3er-p2020004847096",
    "storeName": "SPAR",
    "searchTags": [
      "snickers",
      "schokolade",
      "riegel",
      "erdnuss",
      "karamell",
      "nougat",
      "snack",
      "süßigkeit"
    ],
    "offerStartDate": "2024-05-15",
    "offerEndDate": "2024-05-15"
  },
  {
    "productHash": "kellys-chips-party-paprika",
    "productName": "Kelly's Chips Party Paprika",
    "currentPrice": "€1,99",
    "originalPrice": "€3,99",
    "discount": "50% OFF",
    "unitMeasure": "250 G",
    "category": "Snacks & Confectionery (Süßwaren & Snacks)",
    "productUrl": "https://www.spar.at/produktwelt/kelly-s-chips-party-paprika-p5001842",
    "storeName": "SPAR",
    "searchTags": [
      "kellys",
      "chips",
      "party",
      "paprika",
      "kartoffelchips",
      "snack",
      "salzig",
      "knabberzeug"
    ],
    "offerStartDate": "2024-05-15",
    "offerEndDate": "2024-05-15"
  },
  {
    "productHash": "oelz-nuss-stollen-gerollt",
    "productName": "Ölz Nuss-Stollen gerollt",
    "currentPrice": "€4,79",
    "originalPrice": "€5,99",
    "discount": "20% OFF",
    "unitMeasure": "700 G",
    "category": "Bread & Bakery (Brot & Gebäck)",
    "productUrl": "https://www.spar.at/produktwelt/oelz-nuss-stollen-gerollt-p5025480",
    "storeName": "SPAR",
    "searchTags": [
      "oelz",
      "nuss-stollen",
      "gerollt",
      "stollen",
      "nussgebäck",
      "gebäck",
      "kuchen",
      "süß"
    ],
    "offerStartDate": "2024-05-15",
    "offerEndDate": "2024-05-15"
  },
  {
    "productHash": "iglo-erntefrisch-buntes-gemuese-trio",
    "productName": "Iglo Erntefrisch Buntes Gemüse Trio",
    "currentPrice": "€3,19",
    "originalPrice": "€4,79",
    "discount": "33% OFF",
    "unitMeasure": "650 G",
    "category": "Frozen Foods (Tiefkühl)",
    "productUrl": "https://www.spar.at/produktwelt/iglo-erntefrisch-buntes-gemuese-trio-p2552774",
    "storeName": "SPAR",
    "searchTags": [
      "iglo",
      "erntefrisch",
      "buntes gemuese",
      "trio",
      "gemüse",
      "tiefkühl",
      "beilage",
      "mix",
      "vegetarisch"
    ],
    "offerStartDate": "2024-05-15",
    "offerEndDate": "2024-05-15"
  },
  {
    "productHash": "kellys-linsen-chips-paprika-style",
    "productName": "Kelly's Linsen Chips Paprika Style",
    "currentPrice": "€1,99",
    "originalPrice": "€2,39",
    "discount": "17% OFF",
    "unitMeasure": "90 G",
    "category": "Snacks & Confectionery (Süßwaren & Snacks)",
    "productUrl": "https://www.spar.at/produktwelt/kelly-s-linsen-chips-paprika-style-p2020004974938",
    "storeName": "SPAR",
    "searchTags": [
      "kellys",
      "linsen-chips",
      "paprika style",
      "chips",
      "linsen",
      "snack",
      "gemüsechips",
      "salzig",
      "knabberzeug"
    ],
    "offerStartDate": "2024-05-15",
    "offerEndDate": "2024-05-15"
  },
  {
    "productHash": "philadelphia-balance-natur",
    "productName": "Philadelphia Balance Natur",
    "currentPrice": "€1,99",
    "originalPrice": "€2,49",
    "discount": "20% OFF",
    "unitMeasure": "175 G",
    "category": "Dairy & Eggs (Milchprodukte & Eier)",
    "productUrl": "https://www.spar.at/produktwelt/philadelphia-balance-natur-p6930929",
    "storeName": "SPAR",
    "searchTags": [
      "philadelphia",
      "balance",
      "natur",
      "frischkäse",
      "milchprodukt",
      "brotaufstrich",
      "cremig",
      "fettarm"
    ],
    "offerStartDate": "2024-05-15",
    "offerEndDate": "2024-05-15"
  },
  {
    "productHash": "haribo-kinder-party",
    "productName": "Haribo Kinder-Party",
    "currentPrice": "€2,99",
    "originalPrice": "€3,89",
    "discount": "23% OFF",
    "unitMeasure": "250 G",
    "category": "Snacks & Confectionery (Süßwaren & Snacks)",
    "productUrl": "https://www.spar.at/produktwelt/haribo-kinder-party-p2020003514449",
    "storeName": "SPAR",
    "searchTags": [
      "haribo",
      "kinder-party",
      "fruchtgummi",
      "gummibärchen",
      "süßigkeiten",
      "naschen",
      "party",
      "mischung"
    ],
    "offerStartDate": "2024-05-15",
    "offerEndDate": "2024-05-15"
  },
  {
    "productHash": "elephant-squeezed-pretzels-meersalz",
    "productName": "Elephant Squeezed Pretzels Meersalz",
    "currentPrice": "€1,79",
    "originalPrice": "€2,19",
    "discount": "18% OFF",
    "unitMeasure": "180 G",
    "category": "Snacks & Confectionery (Süßwaren & Snacks)",
    "productUrl": "https://www.spar.at/produktwelt/alka-elephant-squeezed-pretzels-meersalz-p2020002784744",
    "storeName": "SPAR",
    "searchTags": [
      "elephant",
      "squeezed pretzels",
      "meersalz",
      "brezeln",
      "salzgebäck",
      "snack",
      "salzig",
      "knabberzeug",
      "laugengebäck"
    ],
    "offerStartDate": "2024-05-15",
    "offerEndDate": "2024-05-15"
  },
  {
    "productHash": "mars-mixed-minis",
    "productName": "Mars Mixed Minis 20 Stück",
    "currentPrice": "€4,99",
    "originalPrice": "€5,99",
    "discount": "17% OFF",
    "unitMeasure": "400 G",
    "category": "Snacks & Confectionery (Süßwaren & Snacks)",
    "productUrl": "https://www.spar.at/produktwelt/mars-mixed-minis-20-stueck-p2020000636014",
    "storeName": "SPAR",
    "searchTags": [
      "mars",
      "mixed minis",
      "schokolade",
      "riegel",
      "mini",
      "snack",
      "süßigkeiten",
      "mischung",
      "naschen"
    ],
    "offerStartDate": "2024-05-15",
    "offerEndDate": "2024-05-15"
  },
  {
    "productHash": "starbucks-white-chocolate-mocha-220ml",
    "productName": "Starbucks White Chocolate Mocha 220ml",
    "currentPrice": "€1,09",
    "originalPrice": "€2,19",
    "discount": "50% OFF",
    "unitMeasure": "220 ML",
    "category": "Drinks & Beverages (Getränke)",
    "productUrl": "https://www.spar.at/produktwelt/starbucks-white-chocolate-mocha-220ml-p2020001470334",
    "storeName": "SPAR",
    "searchTags": [
      "starbucks",
      "white chocolate mocha",
      "kaffee",
      "milchgetränk",
      "fertiggetränk",
      "drink",
      "schokolade",
      "mocha"
    ],
    "offerStartDate": "2024-05-15",
    "offerEndDate": "2024-05-15"
  },
  {
    "productHash": "eskimo-magnum-almond",
    "productName": "Eskimo Magnum Almond 4 Stück",
    "currentPrice": "€7,29",
    "originalPrice": "€N/A",
    "discount": "N/A",
    "unitMeasure": "400 ML",
    "category": "Frozen Foods (Tiefkühl)",
    "productUrl": "https://www.spar.at/produktwelt/eskimo-magnum-almond-4-stueck-p2020004929570",
    "storeName": "SPAR",
    "searchTags": [
      "eskimo",
      "magnum",
      "almond",
      "eis",
      "mandel",
      "schokolade",
      "eiscreme",
      "stieleis",
      "tiefkühl"
    ],
    "offerStartDate": "2024-05-15",
    "offerEndDate": "2024-05-15"
  },
  {
    "productHash": "kellys-linsenchips-wuerzig-mit-meersalz",
    "productName": "Kelly's Linsenchips würzig mit Meersalz",
    "currentPrice": "€1,99",
    "originalPrice": "€2,39",
    "discount": "17% OFF",
    "unitMeasure": "90 G",
    "category": "Snacks & Confectionery (Süßwaren & Snacks)",
    "productUrl": "https://www.spar.at/produktwelt/kelly-s-linsenchips-wuerzig-mit-meersalz-p2020002776596",
    "storeName": "SPAR",
    "searchTags": [
      "kellys",
      "linsenchips",
      "wuerzig",
      "meersalz",
      "chips",
      "linsen",
      "snack",
      "gemüsechips",
      "salzig"
    ],
    "offerStartDate": "2024-05-15",
    "offerEndDate": "2024-05-15"
  },
  {
    "productHash": "schaerdinger-vanilletraum",
    "productName": "Schärdinger Vanilletraum",
    "currentPrice": "€0,97",
    "originalPrice": "€1,95",
    "discount": "50% OFF",
    "unitMeasure": "750 G",
    "category": "Dairy & Eggs (Milchprodukte & Eier)",
    "productUrl": "https://www.spar.at/produktwelt/schaerdinger-vanilletraum-p4234654",
    "storeName": "SPAR",
    "searchTags": [
      "schaerdinger",
      "vanilletraum",
      "joghurt",
      "vanille",
      "milchprodukt",
      "cremig",
      "dessert",
      "fruchtjoghurt"
    ],
    "offerStartDate": "2024-05-15",
    "offerEndDate": "2024-05-15"
  },
  {
    "productHash": "noem-fru-fru-erdbeere",
    "productName": "NÖM Fru Fru Erdbeere",
    "currentPrice": "€0,47",
    "originalPrice": "€0,95",
    "discount": "51% OFF",
    "unitMeasure": "200 G",
    "category": "Dairy & Eggs (Milchprodukte & Eier)",
    "productUrl": "https://www.spar.at/produktwelt/noem-fru-fru-erdbeere-p5303861",
    "storeName": "SPAR",
    "searchTags": [
      "noem",
      "fru fru",
      "erdbeere",
      "joghurt",
      "fruchtjoghurt",
      "milchprodukt",
      "dessert",
      "frucht"
    ],
    "offerStartDate": "2024-05-15",
    "offerEndDate": "2024-05-15"
  },
  {
    "productHash": "efko-delikatess-gurken",
    "productName": "Efko Delikatess Gurken",
    "currentPrice": "€1,99",
    "originalPrice": "€2,99",
    "discount": "33% OFF",
    "unitMeasure": "670 G",
    "category": "Fresh Produce (Obst & Gemüse)",
    "productUrl": "https://www.spar.at/produktwelt/efko-delikatess-gurken-p7469398",
    "storeName": "SPAR",
    "searchTags": [
      "efko",
      "delikatess gurken",
      "gurken",
      "eingelegt",
      "gemüse",
      "konserven",
      "essiggurken",
      "beilage"
    ],
    "offerStartDate": "2024-05-15",
    "offerEndDate": "2024-05-15"
  },
  {
    "productHash": "tuc-cracker-sour-cream-onion",
    "productName": "Tuc Cracker Sour Cream & Onion",
    "currentPrice": "€1,14",
    "originalPrice": "€2,29",
    "discount": "50% OFF",
    "unitMeasure": "100 G",
    "category": "Snacks & Confectionery (Süßwaren & Snacks)",
    "productUrl": "https://www.spar.at/produktwelt/tuc-cracker-sour-cream-onion-p2020003608544",
    "storeName": "SPAR",
    "searchTags": [
      "tuc",
      "cracker",
      "sour cream",
      "onion",
      "gebäck",
      "salzgebäck",
      "snack",
      "zwiebel",
      "knabberzeug"
    ],
    "offerStartDate": "2024-05-15",
    "offerEndDate": "2024-05-15"
  },
  {
    "productHash": "lays-bugles-original",
    "productName": "Lays Bugles Original",
    "currentPrice": "€1,79",
    "originalPrice": "€2,49",
    "discount": "28% OFF",
    "unitMeasure": "75 G",
    "category": "Snacks & Confectionery (Süßwaren & Snacks)",
    "productUrl": "https://www.spar.at/produktwelt/lays-bugles-original-p4952855",
    "storeName": "SPAR",
    "searchTags": [
      "lays",
      "bugles",
      "original",
      "chips",
      "mais",
      "snack",
      "salzig",
      "knabberzeug"
    ],
    "offerStartDate": "2024-05-15",
    "offerEndDate": "2024-05-15"
  },
  {
    "productHash": "sorger-snix-classic",
    "productName": "Sorger SNIX Classic",
    "currentPrice": "€0,99",
    "originalPrice": "€1,99",
    "discount": "50% OFF",
    "unitMeasure": "80 G",
    "category": "Snacks & Confectionery (Süßwaren & Snacks)",
    "productUrl": "https://www.spar.at/produktwelt/sorger-snix-classic-p2020003181979",
    "storeName": "SPAR",
    "searchTags": [
      "sorger",
      "snix",
      "classic",
      "wurst",
      "snack",
      "fleisch",
      "salami",
      "knabberstange"
    ],
    "offerStartDate": "2024-05-15",
    "offerEndDate": "2024-05-15"
  },
  {
    "productHash": "rama-cremefine-zum-kochen-15-fett",
    "productName": "Rama Cremefine zum Kochen 15% Fett 0,250",
    "currentPrice": "€0,96",
    "originalPrice": "€1,45",
    "discount": "34% OFF",
    "unitMeasure": "250 ML",
    "category": "Dairy & Eggs (Milchprodukte & Eier)",
    "productUrl": "https://www.spar.at/produktwelt/rama-cremefine-zum-kochen-15-fett-p2020000463948",
    "storeName": "SPAR",
    "searchTags": [
      "rama",
      "cremefine",
      "kochen",
      "15 fett",
      "sahneersatz",
      "pflanzlich",
      "milchprodukt",
      "creme",
      "küche"
    ],
    "offerStartDate": "2024-05-15",
    "offerEndDate": "2024-05-15"
  },
  {
    "productHash": "wiesbauer-spezialitaeten-aufschnitt",
    "productName": "Wiesbauer Spezialitäten Aufschnitt",
    "currentPrice": "€3,99",
    "originalPrice": "€4,49",
    "discount": "11% OFF",
    "unitMeasure": "200 G",
    "category": "Meat & Poultry (Fleisch & Geflügel)",
    "productUrl": "https://www.spar.at/produktwelt/wiesbauer-spezialitaeten-aufschnitt-p3896471",
    "storeName": "SPAR",
    "searchTags": [
      "wiesbauer",
      "spezialitaeten",
      "aufschnitt",
      "wurst",
      "fleisch",
      "schinken",
      "aufstrich",
      "aufschnittplatte"
    ],
    "offerStartDate": "2024-05-15",
    "offerEndDate": "2024-05-15"
  },
  {
    "productHash": "milka-alpenmilch-schokolade-dessert-au-chocolat",
    "productName": "Milka Alpenmilch Schokolade Dessert Au Chocolat",
    "currentPrice": "€1,79",
    "originalPrice": "€1,99",
    "discount": "10% OFF",
    "unitMeasure": "100 G",
    "category": "Snacks & Confectionery (Süßwaren & Snacks)",
    "productUrl": "https://www.spar.at/produktwelt/milka-alpenmilch-schokolade-dessert-au-chocolat-p6265632",
    "storeName": "SPAR",
    "searchTags": [
      "milka",
      "alpenmilch",
      "schokolade",
      "dessert au chocolat",
      "süßigkeit",
      "tafel",
      "naschen",
      "schoko"
    ],
    "offerStartDate": "2024-05-15",
    "offerEndDate": "2024-05-15"
  },
  {
    "productHash": "lindt-lindor-schokolade-dunkel",
    "productName": "Lindt Lindor Schokolade Dunkel",
    "currentPrice": "€1,99",
    "originalPrice": "€3,99",
    "discount": "50% OFF",
    "unitMeasure": "100 G",
    "category": "Snacks & Confectionery (Süßwaren & Snacks)",
    "productUrl": "https://www.spar.at/produktwelt/lindt-lindor-schokolade-dunkel-p967600",
    "storeName": "SPAR",
    "searchTags": [
      "lindt",
      "lindor",
      "schokolade",
      "dunkel",
      "pralinen",
      "konfekt",
      "edel",
      "süßigkeit"
    ],
    "offerStartDate": "2024-05-15",
    "offerEndDate": "2024-05-15"
  },
  {
    "productHash": "suedobst-bio-kichererbsen",
    "productName": "Südobst Bio Kichererbsen",
    "currentPrice": "€1,24",
    "originalPrice": "€2,49",
    "discount": "50% OFF",
    "unitMeasure": "400 G",
    "category": "Pantry & Baking (Grundnahrungsmittel)",
    "productUrl": "https://www.spar.at/produktwelt/suedobst-bio-kichererbsen-p2020005564596",
    "storeName": "SPAR",
    "searchTags": [
      "suedobst",
      "bio",
      "kichererbsen",
      "hülsenfrüchte",
      "bio-produkt",
      "vegan",
      "eintopf",
      "zutat"
    ],
    "offerStartDate": "2024-05-15",
    "offerEndDate": "2024-05-15"
  },
  {
    "productHash": "knoppers-erdnussriegel",
    "productName": "Knoppers Erdnussriegel 3er",
    "currentPrice": "€1,59",
    "originalPrice": "€1,79",
    "discount": "11% OFF",
    "unitMeasure": "120 G",
    "category": "Snacks & Confectionery (Süßwaren & Snacks)",
    "productUrl": "https://www.spar.at/produktwelt/knoppers-erdnussriegel-3er-p2020003298530",
    "storeName": "SPAR",
    "searchTags": [
      "knoppers",
      "erdnussriegel",
      "riegel",
      "schokolade",
      "erdnuss",
      "snack",
      "süßigkeit",
      "waffel"
    ],
    "offerStartDate": "2024-05-15",
    "offerEndDate": "2024-05-15"
  },
  {
    "productHash": "champignon-mix-bio-blumau-200g",
    "productName": "Champignon Mix Bio Blumau 200g",
    "currentPrice": "€1,99",
    "originalPrice": "€2,99",
    "discount": "33% OFF",
    "unitMeasure": "200 G",
    "category": "Fresh Produce (Obst & Gemüse)",
    "productUrl": "https://www.spar.at/produktwelt/champignon-mix-bio-blumau-200g-bio-champignon-p2020004966872",
    "storeName": "SPAR",
    "searchTags": [
      "champignon",
      "mix",
      "bio",
      "blumau",
      "pilze",
      "frisch",
      "gemüse",
      "bio-produkt",
      "vegan"
    ],
    "offerStartDate": "2024-05-15",
    "offerEndDate": "2024-05-15"
  },
  {
    "productHash": "milka-alpenmilch-schokolade-haselnuss",
    "productName": "Milka Alpenmilch Schokolade Haselnuss",
    "currentPrice": "€1,79",
    "originalPrice": "€1,99",
    "discount": "10% OFF",
    "unitMeasure": "90 G",
    "category": "Snacks & Confectionery (Süßwaren & Snacks)",
    "productUrl": "https://www.spar.at/produktwelt/milka-alpenmilch-schokolade-haselnuss-p6265816",
    "storeName": "SPAR",
    "searchTags": [
      "milka",
      "alpenmilch",
      "schokolade",
      "haselnuss",
      "süßigkeit",
      "riegel",
      "naschen",
      "tafel",
      "nuss"
    ],
    "offerStartDate": "2024-05-15",
    "offerEndDate": "2024-05-15"
  },
  {
    "productHash": "landhof-kalbsleber-streichwurst-mild-cremig",
    "productName": "Landhof Kalbsleber-Streichwurst mild & cremig 5 Stück á 25g",
    "currentPrice": "€1,79",
    "originalPrice": "€2,79",
    "discount": "36% OFF",
    "unitMeasure": "125 G",
    "category": "Meat & Poultry (Fleisch & Geflügel)",
    "productUrl": "https://www.spar.at/produktwelt/landhof-kalbsleber-streichwurst-mild-cremig-5-stueck-a-25g-p644624",
    "storeName": "SPAR",
    "searchTags": [
      "landhof",
      "kalbsleber",
      "streichwurst",
      "mild",
      "cremig",
      "wurst",
      "fleisch",
      "brotaufstrich",
      "kalb"
    ],
    "offerStartDate": "2024-05-15",
    "offerEndDate": "2024-05-15"
  },
  {
    "productHash": "manner-snack-minis-milch-haselnuss",
    "productName": "Manner Snack Minis Milch Haselnuss",
    "currentPrice": "€3,29",
    "originalPrice": "€3,69",
    "discount": "11% OFF",
    "unitMeasure": "225 G",
    "category": "Snacks & Confectionery (Süßwaren & Snacks)",
    "productUrl": "https://www.spar.at/produktwelt/manner-snack-minis-milch-haselnuss-p2020002611460",
    "storeName": "SPAR",
    "searchTags": [
      "manner",
      "snack minis",
      "milch",
      "haselnuss",
      "waffel",
      "mini",
      "snack",
      "süßigkeit",
      "gebäck"
    ],
    "offerStartDate": "2024-05-15",
    "offerEndDate": "2024-05-15"
  },
  {
    "productHash": "rupp-enzian-enzian",
    "productName": "Rupp Enzian Enzian",
    "currentPrice": "€2,99",
    "originalPrice": "€3,59",
    "discount": "17% OFF",
    "unitMeasure": "200 G",
    "category": "Dairy & Eggs (Milchprodukte & Eier)",
    "productUrl": "https://www.spar.at/produktwelt/rupp-enzian-enzian-p7708954",
    "storeName": "SPAR",
    "searchTags": [
      "rupp",
      "enzian",
      "käse",
      "milchprodukt",
      "streichkäse",
      "brotaufstrich",
      "würzig",
      "kräuter"
    ],
    "offerStartDate": "2024-05-15",
    "offerEndDate": "2024-05-15"
  },
  {
    "productHash": "salzburgmilch-premium-bergbauern-h-milch-0-5",
    "productName": "SalzburgMilch Premium Bergbauern H-Milch 0,5%",
    "currentPrice": "€0,99",
    "originalPrice": "€1,59",
    "discount": "38% OFF",
    "unitMeasure": "1 L",
    "category": "Dairy & Eggs (Milchprodukte & Eier)",
    "productUrl": "https://www.spar.at/produktwelt/salzburgmilch-premium-bergbauern-h-milch-0-5-p2020000957447",
    "storeName": "SPAR",
    "searchTags": [
      "salzburgmilch",
      "premium",
      "bergbauern",
      "h-milch",
      "milch",
      "fettarm",
      "haltbar",
      "getränk"
    ],
    "offerStartDate": "2024-05-15",
    "offerEndDate": "2024-05-15"
  },
  {
    "productHash": "oelz-brioche-burger-broetle",
    "productName": "Ölz Brioche Burger Brötle 4 Stück",
    "currentPrice": "€2,49",
    "originalPrice": "€2,99",
    "discount": "17% OFF",
    "unitMeasure": "200 G",
    "category": "Bread & Bakery (Brot & Gebäck)",
    "productUrl": "https://www.spar.at/produktwelt/oelz-brioche-burger-broetle-4-stueck-p2020002578404",
    "storeName": "SPAR",
    "searchTags": [
      "oelz",
      "brioche",
      "burger",
      "broetle",
      "brötchen",
      "gebäck",
      "burgerbrötchen",
      "süß"
    ],
    "offerStartDate": "2024-05-15",
    "offerEndDate": "2024-05-15"
  },
  {
    "productHash": "bens-original-express-reis-mediterran",
    "productName": "BEN’s ORIGINAL Express Reis Mediterran",
    "currentPrice": "€2,59",
    "originalPrice": "€N/A",
    "discount": "N/A",
    "unitMeasure": "220 G",
    "category": "Pantry & Baking (Grundnahrungsmittel)",
    "productUrl": "https://www.spar.at/produktwelt/ben-s-original-express-reis-mediterran-p4155638",
    "storeName": "SPAR",
    "searchTags": [
      "bens original",
      "express reis",
      "mediterran",
      "reis",
      "fertigreis",
      "beilage",
      "schnell",
      "mediterran"
    ],
    "offerStartDate": "2024-05-15",
    "offerEndDate": "2024-05-15"
  },
  {
    "productHash": "iglo-fang-frisch-pazifischer-polar-dorsch",
    "productName": "Iglo Fang-Frisch Pazifischer Polar-Dorsch 9 Stück",
    "currentPrice": "€7,99",
    "originalPrice": "€11,99",
    "discount": "33% OFF",
    "unitMeasure": "600 G",
    "category": "Fish & Seafood (Fisch)",
    "productUrl": "https://www.spar.at/produktwelt/iglo-fang-frisch-pazifischer-polar-dorsch-9-stueck-p6645564",
    "storeName": "SPAR",
    "searchTags": [
      "iglo",
      "fang-frisch",
      "pazifischer polar-dorsch",
      "dorsch",
      "fisch",
      "tiefkühl",
      "meeresfrüchte",
      "filet"
    ],
    "offerStartDate": "2024-05-15",
    "offerEndDate": "2024-05-15"
  },
  {
    "productHash": "philadelphia-balance-liptauer-mild",
    "productName": "Philadelphia Balance Liptauer mild",
    "currentPrice": "€1,99",
    "originalPrice": "€2,49",
    "discount": "20% OFF",
    "unitMeasure": "175 G",
    "category": "Dairy & Eggs (Milchprodukte & Eier)",
    "productUrl": "https://www.spar.at/produktwelt/philadelphia-balance-liptauer-mild-p6931056",
    "storeName": "SPAR",
    "searchTags": [
      "philadelphia",
      "balance",
      "liptauer",
      "mild",
      "frischkäse",
      "milchprodukt",
      "brotaufstrich",
      "cremig",
      "gewürzt"
    ],
    "offerStartDate": "2024-05-15",
    "offerEndDate": "2024-05-15"
  },
  {
    "productHash": "eskimo-magnum-double-hazelnut",
    "productName": "Eskimo Magnum Double Hazelnut 3",
    "currentPrice": "€7,29",
    "originalPrice": "€N/A",
    "discount": "N/A",
    "unitMeasure": "255 ML",
    "category": "Frozen Foods (Tiefkühl)",
    "productUrl": "https://www.spar.at/produktwelt/eskimo-magnum-double-hazelnut-3-p2020005622548",
    "storeName": "SPAR",
    "searchTags": [
      "eskimo",
      "magnum",
      "double",
      "hazelnut",
      "eis",
      "haselnuss",
      "schokolade",
      "eiscreme",
      "tiefkühl"
    ],
    "offerStartDate": "2024-05-15",
    "offerEndDate": "2024-05-15"
  },
  {
    "productHash": "milka-tender-tender-nuss",
    "productName": "Milka Tender Tender Nuss",
    "currentPrice": "€1,64",
    "originalPrice": "€3,29",
    "discount": "50% OFF",
    "unitMeasure": "148 G",
    "category": "Snacks & Confectionery (Süßwaren & Snacks)",
    "productUrl": "https://www.spar.at/produktwelt/milka-tender-tender-nuss-p2020001807758",
    "storeName": "SPAR",
    "searchTags": [
      "milka",
      "tender",
      "tender nuss",
      "kuchen",
      "gebäck",
      "snack",
      "nuss",
      "süßigkeit"
    ],
    "offerStartDate": "2024-05-15",
    "offerEndDate": "2024-05-15"
  },
  {
    "productHash": "knabber-nossi-pausenwrap",
    "productName": "Knabber Nossi Pausenwrap",
    "currentPrice": "€4,49",
    "originalPrice": "€5,49",
    "discount": "18% OFF",
    "unitMeasure": "105 G",
    "category": "Meat & Poultry (Fleisch & Geflügel)",
    "productUrl": "https://www.spar.at/produktwelt/knabber-nossi-pausenwrap-p2020003636974",
    "storeName": "SPAR",
    "searchTags": [
      "knabber nossi",
      "pausenwrap",
      "wurst",
      "snack",
      "fleisch",
      "salami",
      "wrap",
      "unterwegs"
    ],
    "offerStartDate": "2024-05-15",
    "offerEndDate": "2024-05-15"
  },
  {
    "productHash": "milka-kuchen-choco-trio",
    "productName": "Milka Kuchen Choco Trio",
    "currentPrice": "€1,64",
    "originalPrice": "€3,29",
    "discount": "50% OFF",
    "unitMeasure": "150 G",
    "category": "Snacks & Confectionery (Süßwaren & Snacks)",
    "productUrl": "https://www.spar.at/produktwelt/milka-kuchen-choco-trio-p4545743",
    "storeName": "SPAR",
    "searchTags": [
      "milka",
      "kuchen",
      "choco trio",
      "gebäck",
      "snack",
      "schokolade",
      "süßigkeit",
      "mini-kuchen"
    ],
    "offerStartDate": "2024-05-15",
    "offerEndDate": "2024-05-15"
  },
  {
    "productHash": "funny-frisch-ofen-jumpys-meersalz",
    "productName": "Funny Frisch Ofen Jumpy's Meersalz",
    "currentPrice": "€1,79",
    "originalPrice": "€2,49",
    "discount": "28% OFF",
    "unitMeasure": "70 G",
    "category": "Snacks & Confectionery (Süßwaren & Snacks)",
    "productUrl": "https://www.spar.at/produktwelt/kelly-s-ofen-jumpy-s-meersalz-p2020003117534",
    "storeName": "SPAR",
    "searchTags": [
      "funny frisch",
      "ofen jumpys",
      "meersalz",
      "chips",
      "ofen",
      "snack",
      "salzig",
      "knabberzeug",
      "kartoffel"
    ],
    "offerStartDate": "2024-05-15",
    "offerEndDate": "2024-05-15"
  },
  {
    "productHash": "manner-schnitten-schoko-brownie",
    "productName": "Manner Schnitten Schoko Brownie",
    "currentPrice": "€3,29",
    "originalPrice": "€3,69",
    "discount": "11% OFF",
    "unitMeasure": "300 G",
    "category": "Snacks & Confectionery (Süßwaren & Snacks)",
    "productUrl": "https://www.spar.at/produktwelt/manner-schnitten-schoko-brownie-p2020003947872",
    "storeName": "SPAR",
    "searchTags": [
      "manner",
      "schnitten",
      "schoko brownie",
      "waffel",
      "schokolade",
      "gebäck",
      "snack",
      "süßigkeit"
    ],
    "offerStartDate": "2024-05-15",
    "offerEndDate": "2024-05-15"
  },
  {
    "productHash": "anker-kornfitwecken-weizenmischbrot-geschnitten",
    "productName": "Anker Kornfitwecken Weizenmischbrot, geschnitten",
    "currentPrice": "€2,39",
    "originalPrice": "€2,89",
    "discount": "17% OFF",
    "unitMeasure": "500 G",
    "category": "Bread & Bakery (Brot & Gebäck)",
    "productUrl": "https://www.spar.at/produktwelt/anker-kornfitwecken-weizenmischbrot-geschnitten-p3764442",
    "storeName": "SPAR",
    "searchTags": [
      "anker",
      "kornfitwecken",
      "weizenmischbrot",
      "geschnitten",
      "brot",
      "backwaren",
      "vollkorn",
      "frischbrot"
    ],
    "offerStartDate": "2024-05-15",
    "offerEndDate": "2024-05-15"
  },
  {
    "productHash": "knoppers-nussriegel",
    "productName": "Knoppers Nussriegel 3er",
    "currentPrice": "€1,59",
    "originalPrice": "€1,79",
    "discount": "11% OFF",
    "unitMeasure": "120 G",
    "category": "Snacks & Confectionery (Süßwaren & Snacks)",
    "productUrl": "https://www.spar.at/produktwelt/knoppers-nussriegel-3er-p2020001923830",
    "storeName": "SPAR",
    "searchTags": [
      "knoppers",
      "nussriegel",
      "riegel",
      "schokolade",
      "nuss",
      "snack",
      "süßigkeit",
      "waffel"
    ],
    "offerStartDate": "2024-05-15",
    "offerEndDate": "2024-05-15"
  },
  {
    "productHash": "kellys-pom-baer-original",
    "productName": "Kelly's POM-BÄR Original",
    "currentPrice": "€1,14",
    "originalPrice": "€2,29",
    "discount": "50% OFF",
    "unitMeasure": "65 G",
    "category": "Snacks & Confectionery (Süßwaren & Snacks)",
    "productUrl": "https://www.spar.at/produktwelt/kelly-s-pom-baer-original-p2328881",
    "storeName": "SPAR",
    "searchTags": [
      "kellys",
      "pom-baer",
      "original",
      "chips",
      "kartoffeln",
      "snack",
      "kinder",
      "salzig"
    ],
    "offerStartDate": "2024-05-15",
    "offerEndDate": "2024-05-15"
  },
  {
    "productHash": "milka-tender-tender-milch",
    "productName": "Milka Tender Tender Milch",
    "currentPrice": "€1,64",
    "originalPrice": "€3,29",
    "discount": "50% OFF",
    "unitMeasure": "148 G",
    "category": "Snacks & Confectionery (Süßwaren & Snacks)",
    "productUrl": "https://www.spar.at/produktwelt/milka-tender-tender-milch-p2020001807604",
    "storeName": "SPAR",
    "searchTags": [
      "milka",
      "tender",
      "tender milch",
      "kuchen",
      "gebäck",
      "snack",
      "milch",
      "süßigkeit"
    ],
    "offerStartDate": "2024-05-15",
    "offerEndDate": "2024-05-15"
  },
  {
    "productHash": "kellys-mikrowellen-popcorn-salted",
    "productName": "Kelly's Mikrowellen Popcorn Salted 3 x 90g",
    "currentPrice": "€2,49",
    "originalPrice": "€4,99",
    "discount": "50% OFF",
    "unitMeasure": "270 G",
    "category": "Snacks & Confectionery (Süßwaren & Snacks)",
    "productUrl": "https://www.spar.at/produktwelt/kelly-s-mikrowellen-popcorn-salted-3-x-90g-p7524875",
    "storeName": "SPAR",
    "searchTags": [
      "kellys",
      "mikrowellen popcorn",
      "salted",
      "popcorn",
      "snack",
      "mikrowelle",
      "salzig",
      "filmabend"
    ],
    "offerStartDate": "2024-05-15",
    "offerEndDate": "2024-05-15"
  },
  {
    "productHash": "doritos-tortilla-chips-paprika",
    "productName": "Doritos Tortilla Chips Paprika",
    "currentPrice": "€1,99",
    "originalPrice": "€2,49",
    "discount": "20% OFF",
    "unitMeasure": "110 G",
    "category": "Snacks & Confectionery (Süßwaren & Snacks)",
    "productUrl": "https://www.spar.at/produktwelt/doritos-tortilla-chips-paprika-p2020004187888",
    "storeName": "SPAR",
    "searchTags": [
      "doritos",
      "tortilla chips",
      "paprika",
      "chips",
      "mexikanisch",
      "snack",
      "salzig",
      "knabberzeug"
    ],
    "offerStartDate": "2024-05-15",
    "offerEndDate": "2024-05-15"
  },
  {
    "productHash": "gm-pesendorfer-pecannuesse-wuerzige-premiumkerne-salz",
    "productName": "GM Pesendorfer Pecannüsse würzige Premiumkerne Salz",
    "currentPrice": "€5,99",
    "originalPrice": "€6,99",
    "discount": "14% OFF",
    "unitMeasure": "200 G",
    "category": "Snacks & Confectionery (Süßwaren & Snacks)",
    "productUrl": "https://www.spar.at/produktwelt/gm-pesendorfer-pecannuesse-die-groessten-p2020002668327",
    "storeName": "SPAR",
    "searchTags": [
      "gm pesendorfer",
      "pecannuesse",
      "wuerzige premiumkerne",
      "salz",
      "nüsse",
      "snack",
      "salzig",
      "kern",
      "premium"
    ],
    "offerStartDate": "2024-05-15",
    "offerEndDate": "2024-05-15"
  },
  {
    "productHash": "gm-pesendorfer-intelligenz-mischung",
    "productName": "GM Pesendorfer Intelligenz Mischung",
    "currentPrice": "€4,99",
    "originalPrice": "€5,99",
    "discount": "17% OFF",
    "unitMeasure": "300 G",
    "category": "Snacks & Confectionery (Süßwaren & Snacks)",
    "productUrl": "https://www.spar.at/produktwelt/gm-pesendorfer-intelligenz-mischung-p2020002668228",
    "storeName": "SPAR",
    "searchTags": [
      "gm pesendorfer",
      "intelligenz mischung",
      "nüsse",
      "kern",
      "snack",
      "mischung",
      "gesund",
      "studentenfutter"
    ],
    "offerStartDate": "2024-05-15",
    "offerEndDate": "2024-05-15"
  },
  {
    "productHash": "kellys-pom-baer-paprika-style",
    "productName": "Kelly's POM-BÄR Paprika Style",
    "currentPrice": "€1,14",
    "originalPrice": "€2,29",
    "discount": "50% OFF",
    "unitMeasure": "65 G",
    "category": "Snacks & Confectionery (Süßwaren & Snacks)",
    "productUrl": "https://www.spar.at/produktwelt/kelly-s-pom-baer-paprika-style-p8208255",
    "storeName": "SPAR",
    "searchTags": [
      "kellys",
      "pom-baer",
      "paprika style",
      "chips",
      "kartoffeln",
      "snack",
      "kinder",
      "paprika"
    ],
    "offerStartDate": "2024-05-15",
    "offerEndDate": "2024-05-15"
  },
  {
    "productHash": "gm-pesendorfer-edelnuss-selection",
    "productName": "GM Pesendorfer Edelnuss Selection",
    "currentPrice": "€5,99",
    "originalPrice": "€6,49",
    "discount": "8% OFF",
    "unitMeasure": "250 G",
    "category": "Snacks & Confectionery (Süßwaren & Snacks)",
    "productUrl": "https://www.spar.at/produktwelt/gm-pesendorfer-edelnuss-selection-p2020002668211",
    "storeName": "SPAR",
    "searchTags": [
      "gm pesendorfer",
      "edelnuss selection",
      "nüsse",
      "auslese",
      "snack",
      "premium",
      "mischung",
      "kern"
    ],
    "offerStartDate": "2024-05-15",
    "offerEndDate": "2024-05-15"
  },
  {
    "productHash": "bens-original-express-reis-basmati-reis",
    "productName": "BEN’s ORIGINAL Express Reis Basmati-Reis",
    "currentPrice": "€2,59",
    "originalPrice": "€N/A",
    "discount": "N/A",
    "unitMeasure": "220 G",
    "category": "Pantry & Baking (Grundnahrungsmittel)",
    "productUrl": "https://www.spar.at/produktwelt/ben-s-original-express-reis-basmati-reis-p4155621",
    "storeName": "SPAR",
    "searchTags": [
      "bens original",
      "express reis",
      "basmati-reis",
      "reis",
      "fertigreis",
      "beilage",
      "schnell",
      "indisch"
    ],
    "offerStartDate": "2024-05-15",
    "offerEndDate": "2024-05-15"
  },
  {
    "productHash": "tuc-cracker-paprika",
    "productName": "Tuc Cracker Paprika",
    "currentPrice": "€1,14",
    "originalPrice": "€2,29",
    "discount": "50% OFF",
    "unitMeasure": "100 G",
    "category": "Snacks & Confectionery (Süßwaren & Snacks)",
    "productUrl": "https://www.spar.at/produktwelt/tuc-cracker-paprika-p2448541",
    "storeName": "SPAR",
    "searchTags": [
      "tuc",
      "cracker",
      "paprika",
      "gebäck",
      "salzgebäck",
      "snack",
      "gewürzt",
      "knabberzeug"
    ],
    "offerStartDate": "2024-05-15",
    "offerEndDate": "2024-05-15"
  },
  {
    "productHash": "kellys-snips-party",
    "productName": "Kelly's Snips-Party",
    "currentPrice": "€1,99",
    "originalPrice": "€3,99",
    "discount": "50% OFF",
    "unitMeasure": "250 G",
    "category": "Snacks & Confectionery (Süßwaren & Snacks)",
    "productUrl": "https://www.spar.at/produktwelt/kelly-s-snips-party-p5270989",
    "storeName": "SPAR",
    "searchTags": [
      "kellys",
      "snips-party",
      "chips",
      "gemüsechips",
      "snack",
      "party",
      "mischung",
      "salzig",
      "knabberzeug"
    ],
    "offerStartDate": "2024-05-15",
    "offerEndDate": "2024-05-15"
  },
  {
    "productHash": "knorr-meister-kessel-suedtiroler-bauernsuppe",
    "productName": "Knorr Meister Kessel Südtiroler Bauernsuppe 2 Portionen",
    "currentPrice": "€2,79",
    "originalPrice": "€3,99",
    "discount": "30% OFF",
    "unitMeasure": "500 G",
    "category": "Pantry & Baking (Grundnahrungsmittel)",
    "productUrl": "https://www.spar.at/produktwelt/knorr-meister-kessel-suedtiroler-bauernsuppe-2-portionen-p229906",
    "storeName": "SPAR",
    "searchTags": [
      "knorr",
      "meister kessel",
      "suedtiroler bauernsuppe",
      "suppe",
      "fertiggericht",
      "bauernsuppe",
      "südtirol",
      "mahlzeit"
    ],
    "offerStartDate": "2024-05-15",
    "offerEndDate": "2024-05-15"
  },
  {
    "productHash": "philadelphia-schnittlauch",
    "productName": "Philadelphia Schnittlauch",
    "currentPrice": "€1,99",
    "originalPrice": "€2,49",
    "discount": "20% OFF",
    "unitMeasure": "175 G",
    "category": "Dairy & Eggs (Milchprodukte & Eier)",
    "productUrl": "https://www.spar.at/produktwelt/philadelphia-schnittlauch-p6931131",
    "storeName": "SPAR",
    "searchTags": [
      "philadelphia",
      "schnittlauch",
      "frischkäse",
      "milchprodukt",
      "brotaufstrich",
      "cremig",
      "kräuter",
      "gewürzt"
    ],
    "offerStartDate": "2024-05-15",
    "offerEndDate": "2024-05-15"
  },
  {
    "productHash": "stark-smoki-erdnussflips",
    "productName": "Stark Smoki Erdnussflips",
    "currentPrice": "€0,99",
    "originalPrice": "€1,49",
    "discount": "34% OFF",
    "unitMeasure": "150 G",
    "category": "Snacks & Confectionery (Süßwaren & Snacks)",
    "productUrl": "https://www.spar.at/produktwelt/stark-smoki-erdnussflips-p2020000539711",
    "storeName": "SPAR",
    "searchTags": [
      "stark",
      "smoki",
      "erdnussflips",
      "flips",
      "erdnuss",
      "snack",
      "salzig",
      "knabberzeug"
    ],
    "offerStartDate": "2024-05-15",
    "offerEndDate": "2024-05-15"
  },
  {
    "productHash": "red-band-tutti-frutti-fruchtgummi",
    "productName": "Red Band Tutti Frutti Fruchtgummi 4 x 15g",
    "currentPrice": "€1,29",
    "originalPrice": "€N/A",
    "discount": "N/A",
    "unitMeasure": "60 G",
    "category": "Snacks & Confectionery (Süßwaren & Snacks)",
    "productUrl": "https://www.spar.at/produktwelt/red-band-tutti-frutti-fruchtgummi-4-x-15g-p2020003454912",
    "storeName": "SPAR",
    "searchTags": [
      "red band",
      "tutti frutti",
      "fruchtgummi",
      "gummibärchen",
      "süßigkeiten",
      "naschen",
      "fruchtig",
      "kleinpackung"
    ],
    "offerStartDate": "2024-05-15",
    "offerEndDate": "2024-05-15"
  },
  {
    "productHash": "snickers-creamy-peanut-butter",
    "productName": "Snickers Creamy Peanut Butter",
    "currentPrice": "€1,99",
    "originalPrice": "€2,99",
    "discount": "33% OFF",
    "unitMeasure": "146 G",
    "category": "Snacks & Confectionery (Süßwaren & Snacks)",
    "productUrl": "https://www.spar.at/produktwelt/snickers-creamy-peanut-butter-p2020003753916",
    "storeName": "SPAR",
    "searchTags": [
      "snickers",
      "creamy peanut butter",
      "schokolade",
      "riegel",
      "erdnussbutter",
      "snack",
      "süßigkeit",
      "peanut"
    ],
    "offerStartDate": "2024-05-15",
    "offerEndDate": "2024-05-15"
  },
  {
    "productHash": "suedobst-bio-rote-bohnen",
    "productName": "Südobst Bio Rote Bohnen",
    "currentPrice": "€1,24",
    "originalPrice": "€2,49",
    "discount": "50% OFF",
    "unitMeasure": "400 G",
    "category": "Pantry & Baking (Grundnahrungsmittel)",
    "productUrl": "https://www.spar.at/produktwelt/suedobst-bio-rote-bohnen-p2020005564619",
    "storeName": "SPAR",
    "searchTags": [
      "suedobst",
      "bio",
      "rote bohnen",
      "hülsenfrüchte",
      "bio-produkt",
      "vegan",
      "eintopf",
      "chili"
    ],
    "offerStartDate": "2024-05-15",
    "offerEndDate": "2024-05-15"
  },
  {
    "productHash": "knorr-goldaugen-rindsuppe",
    "productName": "Knorr Goldaugen Rindsuppe 12 Würfel",
    "currentPrice": "€1,32",
    "originalPrice": "€1,99",
    "discount": "34% OFF",
    "unitMeasure": "132 G",
    "category": "Pantry & Baking (Grundnahrungsmittel)",
    "productUrl": "https://www.spar.at/produktwelt/knorr-goldaugen-rindsuppe-12-wuerfel-p2020004846075",
    "storeName": "SPAR",
    "searchTags": [
      "knorr",
      "goldaugen",
      "rindsuppe",
      "suppe",
      "brühe",
      "würfel",
      "rindfleisch",
      "bouillon",
      "kochen"
    ],
    "offerStartDate": "2024-05-15",
    "offerEndDate": "2024-05-15"
  },
  {
    "productHash": "noem-fru-fru-heidelbeere",
    "productName": "NÖM Fru Fru Heidelbeere",
    "currentPrice": "€0,47",
    "originalPrice": "€0,95",
    "discount": "51% OFF",
    "unitMeasure": "200 G",
    "category": "Dairy & Eggs (Milchprodukte & Eier)",
    "productUrl": "https://www.spar.at/produktwelt/noem-fru-fru-heidelbeere-p5303878",
    "storeName": "SPAR",
    "searchTags": [
      "noem",
      "fru fru",
      "heidelbeere",
      "joghurt",
      "fruchtjoghurt",
      "milchprodukt",
      "dessert",
      "frucht"
    ],
    "offerStartDate": "2024-05-15",
    "offerEndDate": "2024-05-15"
  },
  {
    "productHash": "woerle-emmentaler-der-milde",
    "productName": "Woerle Emmentaler Der Milde",
    "currentPrice": "€16,90",
    "originalPrice": "€24,50",
    "discount": "31% OFF",
    "unitMeasure": "1 KG",
    "category": "Dairy & Eggs (Milchprodukte & Eier)",
    "productUrl": "https://www.spar.at/produktwelt/woerle-emmentaler-der-milde-p7716423",
    "storeName": "SPAR",
    "searchTags": [
      "woerle",
      "emmentaler",
      "der milde",
      "käse",
      "hartkäse",
      "milchprodukt",
      "würfel",
      "mild"
    ],
    "offerStartDate": "2024-05-15",
    "offerEndDate": "2024-05-15"
  },
  {
    "productHash": "eskimo-magnum-mini-double-gold-caramel-billionaire",
    "productName": "Eskimo Magnum Mini Double Gold Caramel Billionaire 6 Stück",
    "currentPrice": "€7,29",
    "originalPrice": "€N/A",
    "discount": "N/A",
    "unitMeasure": "330 ML",
    "category": "Frozen Foods (Tiefkühl)",
    "productUrl": "https://www.spar.at/produktwelt/eskimo-magnum-mini-double-gold-caramel-billionaire-6-stueck-p2020004346827",
    "storeName": "SPAR",
    "searchTags": [
      "eskimo",
      "magnum",
      "mini double gold caramel billionaire",
      "eis",
      "karamell",
      "schokolade",
      "eiscreme",
      "tiefkühl",
      "mini"
    ],
    "offerStartDate": "2024-05-15",
    "offerEndDate": "2024-05-15"
  },
  {
    "productHash": "wojnars-litpauer-mild",
    "productName": "Wojnar's Litpauer mild",
    "currentPrice": "€1,69",
    "originalPrice": "€1,99",
    "discount": "15% OFF",
    "unitMeasure": "150 G",
    "category": "Dairy & Eggs (Milchprodukte & Eier)",
    "productUrl": "https://www.spar.at/produktwelt/wojnar-litpauer-mild-p2020005732667",
    "storeName": "SPAR",
    "searchTags": [
      "wojnars",
      "litpauer",
      "mild",
      "käse",
      "aufstrich",
      "milchprodukt",
      "gewürzt",
      "brotaufstrich"
    ],
    "offerStartDate": "2024-05-15",
    "offerEndDate": "2024-05-15"
  },
  {
    "productHash": "milka-alpenmilch-schokolade-caramel",
    "productName": "Milka Alpenmilch Schokolade Caramel",
    "currentPrice": "€1,79",
    "originalPrice": "€1,99",
    "discount": "10% OFF",
    "unitMeasure": "100 G",
    "category": "Snacks & Confectionery (Süßwaren & Snacks)",
    "productUrl": "https://www.spar.at/produktwelt/milka-alpenmilch-schokolade-caramel-p6723798",
    "storeName": "SPAR",
    "searchTags": [
      "milka",
      "alpenmilch",
      "schokolade",
      "caramel",
      "süßigkeit",
      "riegel",
      "naschen",
      "tafel",
      "karamell"
    ],
    "offerStartDate": "2024-05-15",
    "offerEndDate": "2024-05-15"
  },
  {
    "productHash": "milka-alpenmilch-schokolade-oreo-white",
    "productName": "Milka Alpenmilch Schokolade Oreo White",
    "currentPrice": "€1,79",
    "originalPrice": "€1,99",
    "discount": "10% OFF",
    "unitMeasure": "100 G",
    "category": "Snacks & Confectionery (Süßwaren & Snacks)",
    "productUrl": "https://www.spar.at/produktwelt/milka-tafelschokolade-oreo-white-p2020003439537",
    "storeName": "SPAR",
    "searchTags": [
      "milka",
      "alpenmilch",
      "schokolade",
      "oreo white",
      "süßigkeit",
      "riegel",
      "naschen",
      "tafel",
      "weiß"
    ],
    "offerStartDate": "2024-05-15",
    "offerEndDate": "2024-05-15"
  },
  {
    "productHash": "rama-kochcreme-100-pflanzlich",
    "productName": "Rama Kochcreme 100% Pflanzlich",
    "currentPrice": "€0,96",
    "originalPrice": "€1,45",
    "discount": "34% OFF",
    "unitMeasure": "200 ML",
    "category": "Pantry & Baking (Grundnahrungsmittel)",
    "productUrl": "https://www.spar.at/produktwelt/rama-kochcreme-100-pflanzlich-p2020003577383",
    "storeName": "SPAR",
    "searchTags": [
      "rama",
      "kochcreme",
      "pflanzlich",
      "creme",
      "vegan",
      "kochen",
      "sahneersatz",
      "pflanzliche alternative"
    ],
    "offerStartDate": "2024-05-15",
    "offerEndDate": "2024-05-15"
  },
  {
    "productHash": "reiter-mettwurst-fein",
    "productName": "Reiter Mettwurst fein",
    "currentPrice": "€1,99",
    "originalPrice": "€2,89",
    "discount": "31% OFF",
    "unitMeasure": "125 G",
    "category": "Meat & Poultry (Fleisch & Geflügel)",
    "productUrl": "https://www.spar.at/produktwelt/reiter-mettwurst-fein-p52573",
    "storeName": "SPAR",
    "searchTags": [
      "reiter",
      "mettwurst",
      "fein",
      "wurst",
      "fleisch",
      "roh",
      "aufschnitt",
      "brotaufstrich"
    ],
    "offerStartDate": "2024-05-15",
    "offerEndDate": "2024-05-15"
  },
  {
    "productHash": "noem-fru-fru-mango",
    "productName": "NÖM Fru Fru Fru Fru Mango",
    "currentPrice": "€0,47",
    "originalPrice": "€0,95",
    "discount": "51% OFF",
    "unitMeasure": "200 G",
    "category": "Dairy & Eggs (Milchprodukte & Eier)",
    "productUrl": "https://www.spar.at/produktwelt/noem-fru-fru-fru-fru-mango-p5726844",
    "storeName": "SPAR",
    "searchTags": [
      "noem",
      "fru fru",
      "mango",
      "joghurt",
      "fruchtjoghurt",
      "milchprodukt",
      "dessert",
      "frucht"
    ],
    "offerStartDate": "2024-05-15",
    "offerEndDate": "2024-05-15"
  },
  {
    "productHash": "maresi-leicht",
    "productName": "Maresi Leicht",
    "currentPrice": "€1,76",
    "originalPrice": "€2,65",
    "discount": "34% OFF",
    "unitMeasure": "500 G",
    "category": "Dairy & Eggs (Milchprodukte & Eier)",
    "productUrl": "https://www.spar.at/produktwelt/maresi-leicht-p743495",
    "storeName": "SPAR",
    "searchTags": [
      "maresi",
      "leicht",
      "kaffee milch",
      "kaffeemilch",
      "milchprodukt",
      "fettarm",
      "kaffee",
      "getränk"
    ],
    "offerStartDate": "2024-05-15",
    "offerEndDate": "2024-05-15"
  },
  {
    "productHash": "gm-pesendorfer-zimt-mandel-schokolade",
    "productName": "GM Pesendorfer Zimt Mandel Schokolade",
    "currentPrice": "€5,99",
    "originalPrice": "€6,49",
    "discount": "8% OFF",
    "unitMeasure": "200 G",
    "category": "Snacks & Confectionery (Süßwaren & Snacks)",
    "productUrl": "https://www.spar.at/produktwelt/gm-pesendorfer-zimt-mandel-schokolade-p2020002683368",
    "storeName": "SPAR",
    "searchTags": [
      "gm pesendorfer",
      "zimt mandel schokolade",
      "schokolade",
      "mandel",
      "zimt",
      "nuss",
      "süßigkeit",
      "snack"
    ],
    "offerStartDate": "2024-05-15",
    "offerEndDate": "2024-05-15"
  },
  {
    "productHash": "eskimo-magnum-double-gold-caramel-billionaire",
    "productName": "Eskimo Magnum Double Gold Caramel Billionaire",
    "currentPrice": "€7,29",
    "originalPrice": "€N/A",
    "discount": "N/A",
    "unitMeasure": "360 ML",
    "category": "Frozen Foods (Tiefkühl)",
    "productUrl": "https://www.spar.at/produktwelt/eskimo-magnum-double-gold-caramel-billionaire-p2020003704550",
    "storeName": "SPAR",
    "searchTags": [
      "eskimo",
      "magnum",
      "double gold caramel billionaire",
      "eis",
      "karamell",
      "schokolade",
      "eiscreme",
      "tiefkühl",
      "luxus"
    ],
    "offerStartDate": "2024-05-15",
    "offerEndDate": "2024-05-15"
  },
  {
    "productHash": "knorr-meister-kessel-debreziner-wuerstelsuppe",
    "productName": "Knorr Meister Kessel Debreziner Würstelsuppe 2 Portionen",
    "currentPrice": "€2,79",
    "originalPrice": "€3,99",
    "discount": "30% OFF",
    "unitMeasure": "500 G",
    "category": "Pantry & Baking (Grundnahrungsmittel)",
    "productUrl": "https://www.spar.at/produktwelt/knorr-meister-kessel-debreziner-wuerstelsuppe-2-portionen-p309769",
    "storeName": "SPAR",
    "searchTags": [
      "knorr",
      "meister kessel",
      "debreziner wuerstelsuppe",
      "suppe",
      "fertiggericht",
      "würstelsuppe",
      "debreziner",
      "mahlzeit"
    ],
    "offerStartDate": "2024-05-15",
    "offerEndDate": "2024-05-15"
  },
  {
    "productHash": "bertagni-sugo-amatriciana",
    "productName": "Bertagni Sugo Amatriciana",
    "currentPrice": "€1,49",
    "originalPrice": "€2,99",
    "discount": "50% OFF",
    "unitMeasure": "285 G",
    "category": "Pantry & Baking (Grundnahrungsmittel)",
    "productUrl": "https://www.spar.at/produktwelt/bertagni-sugo-amatriciana-p2020005932500",
    "storeName": "SPAR",
    "searchTags": [
      "bertagni",
      "sugo amatriciana",
      "sauce",
      "pasta sauce",
      "tomaten",
      "amatriciana",
      "italienisch",
      "kochen"
    ],
    "offerStartDate": "2024-05-15",
    "offerEndDate": "2024-05-15"
  },
  {
    "productHash": "ferrero-rocher-haselnuss",
    "productName": "Ferrero Rocher Haselnuss",
    "currentPrice": "€1,99",
    "originalPrice": "€2,29",
    "discount": "13% OFF",
    "unitMeasure": "90 G",
    "category": "Snacks & Confectionery (Süßwaren & Snacks)",
    "productUrl": "https://www.spar.at/produktwelt/ferrero-rocher-haselnuss-p2020003966408",
    "storeName": "SPAR",
    "searchTags": [
      "ferrero rocher",
      "haselnuss",
      "pralinen",
      "schokolade",
      "nuss",
      "konfekt",
      "süßigkeit",
      "geschenk"
    ],
    "offerStartDate": "2024-05-15",
    "offerEndDate": "2024-05-15"
  },
  {
    "productHash": "lorenz-nic-nacs",
    "productName": "Lorenz Nic Nac's",
    "currentPrice": "€9,99",
    "originalPrice": "€11,99",
    "discount": "17% OFF",
    "unitMeasure": "800 G",
    "category": "Snacks & Confectionery (Süßwaren & Snacks)",
    "productUrl": "https://www.spar.at/produktwelt/lorenz-nic-nac-s-p7528491",
    "storeName": "SPAR",
    "searchTags": [
      "lorenz",
      "nic nacs",
      "erdnüsse",
      "snack",
      "salzig",
      "knabberzeug",
      "chips",
      "erdnussflips"
    ],
    "offerStartDate": "2024-05-15",
    "offerEndDate": "2024-05-15"
  },
  {
    "productHash": "rama-mit-butternote-100-natuerliche-zutaten",
    "productName": "Rama mit Butternote 100% natürliche Zutaten",
    "currentPrice": "€1,89",
    "originalPrice": "€2,89",
    "discount": "35% OFF",
    "unitMeasure": "400 G",
    "category": "Pantry & Baking (Grundnahrungsmittel)",
    "productUrl": "https://www.spar.at/produktwelt/rama-mit-butternote-100-natuerliche-zutaten-p2020001808465",
    "storeName": "SPAR",
    "searchTags": [
      "rama",
      "butternote",
      "natuerliche zutaten",
      "margarine",
      "fett",
      "pflanzlich",
      "backen",
      "kochen",
      "brotaufstrich"
    ],
    "offerStartDate": "2024-05-15",
    "offerEndDate": "2024-05-15"
  },
  {
    "productHash": "maresi-das-original",
    "productName": "Maresi Das Original",
    "currentPrice": "€1,76",
    "originalPrice": "€2,65",
    "discount": "34% OFF",
    "unitMeasure": "500 G",
    "category": "Dairy & Eggs (Milchprodukte & Eier)",
    "productUrl": "https://www.spar.at/produktwelt/maresi-das-original-p105354",
    "storeName": "SPAR",
    "searchTags": [
      "maresi",
      "original",
      "kaffee milch",
      "kaffeemilch",
      "milchprodukt",
      "kaffee",
      "getränk",
      "traditionell"
    ],
    "offerStartDate": "2024-05-15",
    "offerEndDate": "2024-05-15"
  },
  {
    "productHash": "schaerdinger-cremiger-marillen-traum-mit-pfirsich",
    "productName": "Schärdinger cremiger Marillen Traum mit Pfirsich",
    "currentPrice": "€0,69",
    "originalPrice": "€1,39",
    "discount": "50% OFF",
    "unitMeasure": "400 G",
    "category": "Dairy & Eggs (Milchprodukte & Eier)",
    "productUrl": "https://www.spar.at/produktwelt/schaerdinger-cremiger-marillen-traum-mit-pfirsich-p3598160",
    "storeName": "SPAR",
    "searchTags": [
      "schaerdinger",
      "cremiger marillen traum",
      "pfirsich",
      "joghurt",
      "fruchtjoghurt",
      "marille",
      "milchprodukt",
      "dessert",
      "frucht"
    ],
    "offerStartDate": "2024-05-15",
    "offerEndDate": "2024-05-15"
  },
  {
    "productHash": "iglo-mehlspeistraum-riesen-germknoedel",
    "productName": "Iglo Mehlspeistraum Riesen-Germknödel 3 Stück",
    "currentPrice": "€3,32",
    "originalPrice": "€4,99",
    "discount": "33% OFF",
    "unitMeasure": "500 G",
    "category": "Frozen Foods (Tiefkühl)",
    "productUrl": "https://www.spar.at/produktwelt/iglo-mehlspeistraum-riesen-germknoedel-3-stueck-p2020000674139",
    "storeName": "SPAR",
    "searchTags": [
      "iglo",
      "mehlspeistraum",
      "riesen-germknoedel",
      "germknödel",
      "tiefkühl",
      "fertiggericht",
      "dessert",
      "süßspeise",
      "knödel"
    ],
    "offerStartDate": "2024-05-15",
    "offerEndDate": "2024-05-15"
  },
  {
    "productHash": "schaerdinger-cremiger-erdbeer-traum",
    "productName": "Schärdinger cremiger Erdbeer Traum",
    "currentPrice": "€0,69",
    "originalPrice": "€1,39",
    "discount": "50% OFF",
    "unitMeasure": "400 G",
    "category": "Dairy & Eggs (Milchprodukte & Eier)",
    "productUrl": "https://www.spar.at/produktwelt/schaerdinger-cremiger-erdbeer-traum-p3598146",
    "storeName": "SPAR",
    "searchTags": [
      "schaerdinger",
      "cremiger erdbeer traum",
      "erdbeere",
      "joghurt",
      "fruchtjoghurt",
      "milchprodukt",
      "dessert",
      "frucht"
    ],
    "offerStartDate": "2024-05-15",
    "offerEndDate": "2024-05-15"
  },
  {
    "productHash": "zott-monte-white",
    "productName": "Zott Monte White 4x100g",
    "currentPrice": "€1,34",
    "originalPrice": "€2,69",
    "discount": "50% OFF",
    "unitMeasure": "400 G",
    "category": "Dairy & Eggs (Milchprodukte & Eier)",
    "productUrl": "https://www.spar.at/produktwelt/zott-monte-white-4x100g-p2020001301478",
    "storeName": "SPAR",
    "searchTags": [
      "zott",
      "monte",
      "white",
      "milchcreme",
      "dessert",
      "milchprodukt",
      "schokolade",
      "weiß"
    ],
    "offerStartDate": "2024-05-15",
    "offerEndDate": "2024-05-15"
  },
  {
    "productHash": "milka-alpenmilch-schokolade-kuhflecken",
    "productName": "Milka Alpenmilch Schokolade Kuhflecken",
    "currentPrice": "€1,79",
    "originalPrice": "€1,99",
    "discount": "10% OFF",
    "unitMeasure": "90 G",
    "category": "Snacks & Confectionery (Süßwaren & Snacks)",
    "productUrl": "https://www.spar.at/produktwelt/milka-alpenmilch-schokolade-kuhflecken-p6265700",
    "storeName": "SPAR",
    "searchTags": [
      "milka",
      "alpenmilch",
      "schokolade",
      "kuhflecken",
      "süßigkeit",
      "riegel",
      "naschen",
      "tafel",
      "weiß"
    ],
    "offerStartDate": "2024-05-15",
    "offerEndDate": "2024-05-15"
  },
  {
    "productHash": "zott-monte-maxi-schoko",
    "productName": "Zott Monte Maxi Schoko",
    "currentPrice": "€1,34",
    "originalPrice": "€2,69",
    "discount": "50% OFF",
    "unitMeasure": "400 G",
    "category": "Dairy & Eggs (Milchprodukte & Eier)",
    "productUrl": "https://www.spar.at/produktwelt/zott-monte-maxi-schoko-p6473006",
    "storeName": "SPAR",
    "searchTags": [
      "zott",
      "monte",
      "maxi schoko",
      "milchcreme",
      "dessert",
      "milchprodukt",
      "schokolade",
      "groß"
    ],
    "offerStartDate": "2024-05-15",
    "offerEndDate": "2024-05-15"
  },
  {
    "productHash": "loidl-edel-salami-sticks",
    "productName": "Loidl Edel Salami Sticks",
    "currentPrice": "€1,52",
    "originalPrice": "€2,29",
    "discount": "34% OFF",
    "unitMeasure": "80 G",
    "category": "Meat & Poultry (Fleisch & Geflügel)",
    "productUrl": "https://www.spar.at/produktwelt/loidl-edel-salami-sticks-p2020004112750",
    "storeName": "SPAR",
    "searchTags": [
      "loidl",
      "edel salami sticks",
      "salami",
      "sticks",
      "fleisch",
      "snack",
      "würzig",
      "knabberstange"
    ],
    "offerStartDate": "2024-05-15",
    "offerEndDate": "2024-05-15"
  },
  {
    "productHash": "wiesenberger-haussalami",
    "productName": "Wiesenberger Haussalami",
    "currentPrice": "€23,90",
    "originalPrice": "€28,50",
    "discount": "16% OFF",
    "unitMeasure": "1 KG",
    "category": "Meat & Poultry (Fleisch & Geflügel)",
    "productUrl": "https://www.spar.at/produktwelt/wiesenberger-haussalami-p7769566",
    "storeName": "SPAR",
    "searchTags": [
      "wiesenberger",
      "haussalami",
      "salami",
      "wurst",
      "fleisch",
      "aufstrich",
      "traditionell",
      "würzig"
    ],
    "offerStartDate": "2024-05-15",
    "offerEndDate": "2024-05-15"
  },
  {
    "productHash": "milka-alpenmilch-schokolade-weiss",
    "productName": "Milka Alpenmilch Schokolade Weiß",
    "currentPrice": "€1,79",
    "originalPrice": "€1,99",
    "discount": "10% OFF",
    "unitMeasure": "90 G",
    "category": "Snacks & Confectionery (Süßwaren & Snacks)",
    "productUrl": "https://www.spar.at/produktwelt/milka-alpenmilch-schokolade-weiss-p6265809",
    "storeName": "SPAR",
    "searchTags": [
      "milka",
      "alpenmilch",
      "schokolade",
      "weiss",
      "süßigkeit",
      "riegel",
      "naschen",
      "tafel",
      "weiß"
    ],
    "offerStartDate": "2024-05-15",
    "offerEndDate": "2024-05-15"
  },
  {
    "productHash": "rama-cremefine-zum-kochen-7-fett",
    "productName": "Rama Cremefine zum Kochen 7% Fett 0,250",
    "currentPrice": "€0,96",
    "originalPrice": "€1,45",
    "discount": "34% OFF",
    "unitMeasure": "250 ML",
    "category": "Dairy & Eggs (Milchprodukte & Eier)",
    "productUrl": "https://www.spar.at/produktwelt/rama-cremefine-zum-kochen-7-fett-p7798078",
    "storeName": "SPAR",
    "searchTags": [
      "rama",
      "cremefine",
      "kochen",
      "7 fett",
      "sahneersatz",
      "pflanzlich",
      "milchprodukt",
      "creme",
      "küche"
    ],
    "offerStartDate": "2024-05-15",
    "offerEndDate": "2024-05-15"
  },
  {
    "productHash": "gm-pesendorfer-wasabi-erdnuesse-wasabi",
    "productName": "GM Pesendorfer Wasabi Erdnüsse Wasabi",
    "currentPrice": "€4,99",
    "originalPrice": "€5,79",
    "discount": "14% OFF",
    "unitMeasure": "200 G",
    "category": "Snacks & Confectionery (Süßwaren & Snacks)",
    "productUrl": "https://www.spar.at/produktwelt/gm-pesendorfer-wasabi-erdnuesse-gruen-p2020002683375",
    "storeName": "SPAR",
    "searchTags": [
      "gm pesendorfer",
      "wasabi erdnuesse",
      "wasabi",
      "erdnüsse",
      "snack",
      "scharf",
      "knabberzeug",
      "nüsse"
    ],
    "offerStartDate": "2024-05-15",
    "offerEndDate": "2024-05-15"
  },
  {
    "productHash": "eskimo-magnum-double-cherry",
    "productName": "Eskimo Magnum Double Cherry 3",
    "currentPrice": "€7,29",
    "originalPrice": "€N/A",
    "discount": "N/A",
    "unitMeasure": "255 ML",
    "category": "Frozen Foods (Tiefkühl)",
    "productUrl": "https://www.spar.at/produktwelt/eskimo-magnum-double-cherry-3-p2020005622586",
    "storeName": "SPAR",
    "searchTags": [
      "eskimo",
      "magnum",
      "double cherry",
      "eis",
      "kirsche",
      "schokolade",
      "eiscreme",
      "tiefkühl",
      "fruchtig"
    ],
    "offerStartDate": "2024-05-15",
    "offerEndDate": "2024-05-15"
  },
  {
    "productHash": "la-montanara-prosciutto-crudo",
    "productName": "La Montanara Prosciutto Crudo",
    "currentPrice": "€19,90",
    "originalPrice": "€29,90",
    "discount": "33% OFF",
    "unitMeasure": "1 KG",
    "category": "Meat & Poultry (Fleisch & Geflügel)",
    "productUrl": "https://www.spar.at/produktwelt/la-montanara-prosciutto-crudo-p2020005841673",
    "storeName": "SPAR",
    "searchTags": [
      "la montanara",
      "prosciutto crudo",
      "schinken",
      "rohschinken",
      "italienisch",
      "fleisch",
      "aufschnitt",
      "edel"
    ],
    "offerStartDate": "2024-05-15",
    "offerEndDate": "2024-05-15"
  },
  {
    "productHash": "kellys-rifraf-jalapeno-cheese",
    "productName": "Kelly's RifRaf Jalapeno Cheese",
    "currentPrice": "€1,79",
    "originalPrice": "€2,49",
    "discount": "28% OFF",
    "unitMeasure": "80 G",
    "category": "Snacks & Confectionery (Süßwaren & Snacks)",
    "productUrl": "https://www.spar.at/produktwelt/kelly-s-rifraf-jalapeno-cheese-p2020005974579",
    "storeName": "SPAR",
    "searchTags": [
      "kellys",
      "rifraf",
      "jalapeno cheese",
      "chips",
      "jalapeno",
      "käse",
      "scharf",
      "snack",
      "salzig"
    ],
    "offerStartDate": "2024-05-15",
    "offerEndDate": "2024-05-15"
  },
  {
    "productHash": "milka-alpenmilch-schokolade-luflee",
    "productName": "Milka Alpenmilch Schokolade Luflee",
    "currentPrice": "€1,79",
    "originalPrice": "€1,99",
    "discount": "10% OFF",
    "unitMeasure": "90 G",
    "category": "Snacks & Confectionery (Süßwaren & Snacks)",
    "productUrl": "https://www.spar.at/produktwelt/milka-alpenmilch-schokolade-luflee-p2020004048295",
    "storeName": "SPAR",
    "searchTags": [
      "milka",
      "schokolade",
      "alpenmilch",
      "luflee",
      "süßigkeit",
      "tafel",
      "chocolate",
      "sweets",
      "snack"
    ],
    "offerStartDate": "2024-05-15",
    "offerEndDate": "2024-05-15"
  },
  {
    "productHash": "nestle-kit-kat-classic-4er",
    "productName": "Nestlé Kit Kat Classic 4er",
    "currentPrice": "€2,69",
    "originalPrice": "€2,99",
    "discount": "10% OFF",
    "unitMeasure": "166 G",
    "category": "Snacks & Confectionery (Süßwaren & Snacks)",
    "productUrl": "https://www.spar.at/produktwelt/nestle-kit-kat-classic-4er-p2020003738487",
    "storeName": "SPAR",
    "searchTags": [
      "nestle",
      "kitkat",
      "schokolade",
      "riegel",
      "classic",
      "multipack",
      "chocolate",
      "wafer",
      "snack"
    ],
    "offerStartDate": "2024-05-15",
    "offerEndDate": "2024-05-15"
  },
  {
    "productHash": "knorr-klare-suppe-12-wuerfel",
    "productName": "Knorr Klare Suppe 12 Würfel",
    "currentPrice": "€1,32",
    "originalPrice": "€1,99",
    "discount": "34% OFF",
    "unitMeasure": "138 G",
    "category": "Pantry & Baking (Grundnahrungsmittel)",
    "productUrl": "https://www.spar.at/produktwelt/knorr-klare-suppe-12-wuerfel-p2020004846099",
    "storeName": "SPAR",
    "searchTags": [
      "knorr",
      "suppe",
      "klar",
      "brühe",
      "würfel",
      "bouillon",
      "soup",
      "broth",
      "cooking",
      "pantry"
    ],
    "offerStartDate": "2024-05-15",
    "offerEndDate": "2024-05-15"
  },
  {
    "productHash": "schaerdinger-cremiger-vanille-traum",
    "productName": "Schärdinger cremiger Vanille Traum",
    "currentPrice": "€0,69",
    "originalPrice": "€1,39",
    "discount": "50% OFF",
    "unitMeasure": "400 G",
    "category": "Dairy & Eggs (Milchprodukte & Eier)",
    "productUrl": "https://www.spar.at/produktwelt/schaerdinger-cremiger-vanille-traum-p3598153",
    "storeName": "SPAR",
    "searchTags": [
      "schärdinger",
      "vanille",
      "creme",
      "dessert",
      "joghurt",
      "milchprodukt",
      "vanilla",
      "cream",
      "dairy"
    ],
    "offerStartDate": "2024-05-15",
    "offerEndDate": "2024-05-15"
  },
  {
    "productHash": "kellys-chips-salt-vinegar",
    "productName": "Kelly's Chips Salt & Vinegar",
    "currentPrice": "€1,99",
    "originalPrice": "€2,99",
    "discount": "33% OFF",
    "unitMeasure": "150 G",
    "category": "Snacks & Confectionery (Süßwaren & Snacks)",
    "productUrl": "https://www.spar.at/produktwelt/kelly-s-chips-salt-vinegar-p2374239",
    "storeName": "SPAR",
    "searchTags": [
      "kellys",
      "chips",
      "salt",
      "vinegar",
      "salz",
      "essig",
      "snack",
      "knabberzeug",
      "crisps"
    ],
    "offerStartDate": "2024-05-15",
    "offerEndDate": "2024-05-15"
  },
  {
    "productHash": "nestle-kitkat-white-4er",
    "productName": "Nestlé KitKat White 4er",
    "currentPrice": "€2,69",
    "originalPrice": "€2,99",
    "discount": "10% OFF",
    "unitMeasure": "166 G",
    "category": "Snacks & Confectionery (Süßwaren & Snacks)",
    "productUrl": "https://www.spar.at/produktwelt/nestle-kitkat-white-4er-p2020005751309",
    "storeName": "SPAR",
    "searchTags": [
      "nestle",
      "kitkat",
      "white",
      "schokolade",
      "riegel",
      "weiß",
      "multipack",
      "chocolate",
      "snack"
    ],
    "offerStartDate": "2024-05-15",
    "offerEndDate": "2024-05-15"
  },
  {
    "productHash": "kellys-chips-cheese-onion",
    "productName": "Kelly's Chips Cheese & Onion",
    "currentPrice": "€1,99",
    "originalPrice": "€2,99",
    "discount": "33% OFF",
    "unitMeasure": "150 G",
    "category": "Snacks & Confectionery (Süßwaren & Snacks)",
    "productUrl": "https://www.spar.at/produktwelt/kelly-s-chips-cheese-onion-p8197467",
    "storeName": "SPAR",
    "searchTags": [
      "kellys",
      "chips",
      "cheese",
      "onion",
      "käse",
      "zwiebel",
      "snack",
      "knabberzeug",
      "crisps"
    ],
    "offerStartDate": "2024-05-15",
    "offerEndDate": "2024-05-15"
  },
  {
    "productHash": "milka-kuechlein-choco-brownie",
    "productName": "Milka Küchlein Choco Brownie",
    "currentPrice": "€1,64",
    "originalPrice": "€3,29",
    "discount": "50% OFF",
    "unitMeasure": "150 G",
    "category": "Snacks & Confectionery (Süßwaren & Snacks)",
    "productUrl": "https://www.spar.at/produktwelt/milka-kuechlein-choco-brownie-p2020001575589",
    "storeName": "SPAR",
    "searchTags": [
      "milka",
      "küchlein",
      "choco",
      "brownie",
      "gebäck",
      "schokolade",
      "kuchen",
      "snack",
      "sweets"
    ],
    "offerStartDate": "2024-05-15",
    "offerEndDate": "2024-05-15"
  },
  {
    "productHash": "spar-naturpur-bio-granatapfelsaft-direkt-gepresst",
    "productName": "SPAR Natur*pur Bio-Granatapfelsaft direkt gepresst",
    "currentPrice": "€5,99",
    "originalPrice": "€6,99",
    "discount": "14% OFF",
    "unitMeasure": "0,75 L",
    "category": "Drinks & Beverages (Getränke)",
    "productUrl": "https://www.spar.at/produktwelt/spar-natur-pur-bio-granatapfelsaft-p2020004364401",
    "storeName": "SPAR",
    "searchTags": [
      "spar",
      "naturpur",
      "bio",
      "granatapfel",
      "saft",
      "direktsaft",
      "fruchtsaft",
      "getränk",
      "pomegranate",
      "juice"
    ],
    "offerStartDate": "2024-05-15",
    "offerEndDate": "2024-05-15"
  },
  {
    "productHash": "spar-kraeuter-limo",
    "productName": "SPAR Kräuter Limo",
    "currentPrice": "€0,79",
    "originalPrice": "€1,19",
    "discount": "34% OFF",
    "unitMeasure": "1,5 L",
    "category": "Drinks & Beverages (Getränke)",
    "productUrl": "https://www.spar.at/produktwelt/spar-kraeuter-limo-p2020005351196",
    "storeName": "SPAR",
    "searchTags": [
      "spar",
      "kräuter",
      "limo",
      "limonade",
      "erfrischungsgetränk",
      "herbal",
      "lemonade",
      "drink"
    ],
    "offerStartDate": "2024-05-15",
    "offerEndDate": "2024-05-15"
  },
  {
    "productHash": "spar-naturpur-bio-rooibos-tee-20-teebeutel",
    "productName": "SPAR Natur*pur Bio-Rooibos-Tee 20 Teebeutel",
    "currentPrice": "€2,49",
    "originalPrice": "€2,99",
    "discount": "17% OFF",
    "unitMeasure": "N/A",
    "category": "Drinks & Beverages (Getränke)",
    "productUrl": "https://www.spar.at/produktwelt/spar-natur-pur-bio-rooibos-tee-20-teebeutel-p1567939",
    "storeName": "SPAR",
    "searchTags": [
      "spar",
      "naturpur",
      "bio",
      "rooibos",
      "tee",
      "teebeutel",
      "aufguss",
      "getränk",
      "tea",
      "organic"
    ],
    "offerStartDate": "2024-05-15",
    "offerEndDate": "2024-05-15"
  },
  {
    "productHash": "spar-naturpur-bio-tee-orange-ingwer-20-teebeutel",
    "productName": "SPAR Natur*pur Bio-Tee Orange-Ingwer 20 Teebeutel",
    "currentPrice": "€2,49",
    "originalPrice": "€2,99",
    "discount": "17% OFF",
    "unitMeasure": "N/A",
    "category": "Drinks & Beverages (Getränke)",
    "productUrl": "https://www.spar.at/produktwelt/spar-natur-pur-bio-tee-orange-ingwer-20-teebeutel-p2020001975372",
    "storeName": "SPAR",
    "searchTags": [
      "spar",
      "naturpur",
      "bio",
      "tee",
      "orange",
      "ingwer",
      "teebeutel",
      "aufguss",
      "getränk",
      "ginger",
      "tea"
    ],
    "offerStartDate": "2024-05-15",
    "offerEndDate": "2024-05-15"
  },
  {
    "productHash": "spar-naturpur-gruener-bio-tee-sencha-20-teebeutel",
    "productName": "SPAR Natur*pur Grüner Bio-Tee Sencha 20 Teebeutel",
    "currentPrice": "€2,49",
    "originalPrice": "€2,99",
    "discount": "17% OFF",
    "unitMeasure": "N/A",
    "category": "Drinks & Beverages (Getränke)",
    "productUrl": "https://www.spar.at/produktwelt/spar-natur-pur-bio-gruener-tee-sencha-20-teebeutel-p6686123",
    "storeName": "SPAR",
    "searchTags": [
      "spar",
      "naturpur",
      "bio",
      "grüner tee",
      "sencha",
      "teebeutel",
      "aufguss",
      "getränk",
      "green tea",
      "organic"
    ],
    "offerStartDate": "2024-05-15",
    "offerEndDate": "2024-05-15"
  },
  {
    "productHash": "spar-naturpur-gruener-veltliner-bio-wein",
    "productName": "SPAR Natur*pur Grüner Veltliner Bio-Wein",
    "currentPrice": "€4,99",
    "originalPrice": "€6,49",
    "discount": "23% OFF",
    "unitMeasure": "0,75 L",
    "category": "Drinks & Beverages (Getränke)",
    "productUrl": "https://www.spar.at/produktwelt/spar-natur-pur-gruener-veltliner-bio-wein-2023-p2020005246669",
    "storeName": "SPAR",
    "searchTags": [
      "spar",
      "naturpur",
      "bio",
      "grüner veltliner",
      "wein",
      "weißwein",
      "alkohol",
      "wine",
      "organic",
      "drink"
    ],
    "offerStartDate": "2024-05-15",
    "offerEndDate": "2024-05-15"
  },
  {
    "productHash": "spar-naturpur-bio-caffee-crema-mild",
    "productName": "SPAR Natur*pur Bio-Caffee Crema mild",
    "currentPrice": "€16,99",
    "originalPrice": "€17,99",
    "discount": "6% OFF",
    "unitMeasure": "1 KG",
    "category": "Drinks & Beverages (Getränke)",
    "productUrl": "https://www.spar.at/produktwelt/spar-natur-pur-p2020005684249",
    "storeName": "SPAR",
    "searchTags": [
      "spar",
      "naturpur",
      "bio",
      "caffee crema",
      "kaffee",
      "mild",
      "bohnen",
      "gemahlen",
      "coffee",
      "organic"
    ],
    "offerStartDate": "2024-05-15",
    "offerEndDate": "2024-05-15"
  },
  {
    "productHash": "spar-naturpur-bio-espresso-ganze-bohne",
    "productName": "SPAR Natur*pur Bio-Espresso ganze Bohne",
    "currentPrice": "€16,99",
    "originalPrice": "€17,99",
    "discount": "6% OFF",
    "unitMeasure": "1 KG",
    "category": "Drinks & Beverages (Getränke)",
    "productUrl": "https://www.spar.at/produktwelt/spar-natur-pur-bio-espresso-ganze-bohne-p6865542",
    "storeName": "SPAR",
    "searchTags": [
      "spar",
      "naturpur",
      "bio",
      "espresso",
      "kaffee",
      "ganze bohne",
      "kaffeebohnen",
      "coffee",
      "organic"
    ],
    "offerStartDate": "2024-05-15",
    "offerEndDate": "2024-05-15"
  },
  {
    "productHash": "spar-cola-mix",
    "productName": "SPAR Cola Mix",
    "currentPrice": "€0,79",
    "originalPrice": "€1,19",
    "discount": "34% OFF",
    "unitMeasure": "1,5 L",
    "category": "Drinks & Beverages (Getränke)",
    "productUrl": "https://www.spar.at/produktwelt/spar-cola-mix-p2020005351189",
    "storeName": "SPAR",
    "searchTags": [
      "spar",
      "cola",
      "mix",
      "limonade",
      "erfrischungsgetränk",
      "getränk",
      "softdrink",
      "soda"
    ],
    "offerStartDate": "2024-05-15",
    "offerEndDate": "2024-05-15"
  },
  {
    "productHash": "spar-naturpur-bio-caffe-crema-ganze-bohne",
    "productName": "SPAR Natur*pur Bio-Caffè Crema ganze Bohne",
    "currentPrice": "€16,99",
    "originalPrice": "€17,99",
    "discount": "6% OFF",
    "unitMeasure": "1 KG",
    "category": "Drinks & Beverages (Getränke)",
    "productUrl": "https://www.spar.at/produktwelt/spar-natur-pur-bio-caffe-crema-ganze-bohne-p2020002197049",
    "storeName": "SPAR",
    "searchTags": [
      "spar",
      "naturpur",
      "bio",
      "caffè crema",
      "kaffee",
      "ganze bohne",
      "bohnen",
      "coffee",
      "organic"
    ],
    "offerStartDate": "2024-05-15",
    "offerEndDate": "2024-05-15"
  },
  {
    "productHash": "spar-cola-zero-sugar",
    "productName": "SPAR Cola Zero Sugar",
    "currentPrice": "€0,79",
    "originalPrice": "€1,19",
    "discount": "34% OFF",
    "unitMeasure": "1,5 L",
    "category": "Drinks & Beverages (Getränke)",
    "productUrl": "https://www.spar.at/produktwelt/spar-qualitaetsmarke-cola-zero-sugar-p2020005379633",
    "storeName": "SPAR",
    "searchTags": [
      "spar",
      "cola",
      "zero sugar",
      "zuckerfrei",
      "limonade",
      "erfrischungsgetränk",
      "getränk",
      "diet",
      "softdrink"
    ],
    "offerStartDate": "2024-05-15",
    "offerEndDate": "2024-05-15"
  },
  {
    "productHash": "spar-eistee-zitrone",
    "productName": "SPAR Eistee Zitrone",
    "currentPrice": "€0,46",
    "originalPrice": "€0,69",
    "discount": "33% OFF",
    "unitMeasure": "0,5 L",
    "category": "Drinks & Beverages (Getränke)",
    "productUrl": "https://www.spar.at/produktwelt/spar-eistee-zitrone-p2020005350960",
    "storeName": "SPAR",
    "searchTags": [
      "spar",
      "eistee",
      "zitrone",
      "tee",
      "kaltgetränk",
      "ice tea",
      "lemon",
      "drink"
    ],
    "offerStartDate": "2024-05-15",
    "offerEndDate": "2024-05-15"
  },
  {
    "productHash": "spar-naturpur-welschriesling-bio-wein",
    "productName": "SPAR Natur*pur Welschriesling Bio-Wein",
    "currentPrice": "€4,99",
    "originalPrice": "€6,49",
    "discount": "23% OFF",
    "unitMeasure": "0,75 L",
    "category": "Drinks & Beverages (Getränke)",
    "productUrl": "https://www.spar.at/produktwelt/spar-natur-pur-welschriesling-bio-wein-2023-p2020005246645",
    "storeName": "SPAR",
    "searchTags": [
      "spar",
      "naturpur",
      "bio",
      "welschriesling",
      "wein",
      "weißwein",
      "alkohol",
      "wine",
      "organic",
      "drink"
    ],
    "offerStartDate": "2024-05-15",
    "offerEndDate": "2024-05-15"
  },
  {
    "productHash": "spar-enjoy-soda-orange",
    "productName": "SPAR enjoy Soda Orange",
    "currentPrice": "€0,69",
    "originalPrice": "€0,85",
    "discount": "19% OFF",
    "unitMeasure": "0,75 L",
    "category": "Drinks & Beverages (Getränke)",
    "productUrl": "https://www.spar.at/produktwelt/spar-enjoy-soda-orange-p2020005352087",
    "storeName": "SPAR",
    "searchTags": [
      "spar",
      "enjoy",
      "soda",
      "orange",
      "limonade",
      "erfrischungsgetränk",
      "getränk",
      "softdrink",
      "orange soda"
    ],
    "offerStartDate": "2024-05-15",
    "offerEndDate": "2024-05-15"
  },
  {
    "productHash": "spar-naturpur-zweigelt-bio-wein",
    "productName": "SPAR Natur*pur Zweigelt Bio-Wein",
    "currentPrice": "€4,99",
    "originalPrice": "€6,49",
    "discount": "23% OFF",
    "unitMeasure": "0,75 L",
    "category": "Drinks & Beverages (Getränke)",
    "productUrl": "https://www.spar.at/produktwelt/spar-natur-pur-zweigelt-bio-wein-2022-p2020005249325",
    "storeName": "SPAR",
    "searchTags": [
      "spar",
      "naturpur",
      "bio",
      "zweigelt",
      "wein",
      "rotwein",
      "alkohol",
      "wine",
      "red wine",
      "organic"
    ],
    "offerStartDate": "2024-05-15",
    "offerEndDate": "2024-05-15"
  },
  {
    "productHash": "spar-orangen-limo",
    "productName": "SPAR Orangen Limo",
    "currentPrice": "€0,79",
    "originalPrice": "€1,19",
    "discount": "34% OFF",
    "unitMeasure": "1,5 L",
    "category": "Drinks & Beverages (Getränke)",
    "productUrl": "https://www.spar.at/produktwelt/spar-orangen-limo-p2020005351059",
    "storeName": "SPAR",
    "searchTags": [
      "spar",
      "orangen",
      "limo",
      "limonade",
      "erfrischungsgetränk",
      "orange",
      "lemonade",
      "drink"
    ],
    "offerStartDate": "2024-05-15",
    "offerEndDate": "2024-05-15"
  },
  {
    "productHash": "spar-ananas-kokos",
    "productName": "SPAR Ananas-Kokos",
    "currentPrice": "€1,49",
    "originalPrice": "€1,79",
    "discount": "17% OFF",
    "unitMeasure": "1 L",
    "category": "Drinks & Beverages (Getränke)",
    "productUrl": "https://www.spar.at/produktwelt/spar-qualitaetsmarke-ananas-kokos-p2020005753808",
    "storeName": "SPAR",
    "searchTags": [
      "spar",
      "ananas",
      "kokos",
      "limonade",
      "erfrischungsgetränk",
      "pineapple",
      "coconut",
      "drink",
      "softdrink"
    ],
    "offerStartDate": "2024-05-15",
    "offerEndDate": "2024-05-15"
  },
  {
    "productHash": "spar-sunny-orange",
    "productName": "SPAR Sunny Orange",
    "currentPrice": "€1,49",
    "originalPrice": "€1,79",
    "discount": "17% OFF",
    "unitMeasure": "1 L",
    "category": "Drinks & Beverages (Getränke)",
    "productUrl": "https://www.spar.at/produktwelt/spar-qualitaetsmarke-sunny-orange-p2020005610620",
    "storeName": "SPAR",
    "searchTags": [
      "spar",
      "sunny",
      "orange",
      "limonade",
      "erfrischungsgetränk",
      "getränk",
      "softdrink",
      "orange drink"
    ],
    "offerStartDate": "2024-05-15",
    "offerEndDate": "2024-05-15"
  },
  {
    "productHash": "spar-limo-zitrone",
    "productName": "SPAR Limo Zitrone",
    "currentPrice": "€0,79",
    "originalPrice": "€1,19",
    "discount": "34% OFF",
    "unitMeasure": "1,5 L",
    "category": "Drinks & Beverages (Getränke)",
    "productUrl": "https://www.spar.at/produktwelt/spar-limo-zitrone-p2020005351042",
    "storeName": "SPAR",
    "searchTags": [
      "spar",
      "limo",
      "zitrone",
      "limonade",
      "erfrischungsgetränk",
      "lemonade",
      "lemon",
      "drink"
    ],
    "offerStartDate": "2024-05-15",
    "offerEndDate": "2024-05-15"
  },
  {
    "productHash": "spar-multivitaminsaft",
    "productName": "SPAR Multivitaminsaft",
    "currentPrice": "€1,49",
    "originalPrice": "€1,89",
    "discount": "21% OFF",
    "unitMeasure": "1 L",
    "category": "Drinks & Beverages (Getränke)",
    "productUrl": "https://www.spar.at/produktwelt/spar-qualitaetsmarke-multivitaminsaft-p2559742",
    "storeName": "SPAR",
    "searchTags": [
      "spar",
      "multivitamin",
      "saft",
      "fruchtsaft",
      "getränk",
      "juice",
      "multivitamin juice",
      "drink"
    ],
    "offerStartDate": "2024-05-15",
    "offerEndDate": "2024-05-15"
  },
  {
    "productHash": "spar-naturpur-zweigelt-lieblich-bio-wein",
    "productName": "SPAR Natur*pur Zweigelt lieblich Bio-Wein",
    "currentPrice": "€4,99",
    "originalPrice": "€6,49",
    "discount": "23% OFF",
    "unitMeasure": "0,75 L",
    "category": "Drinks & Beverages (Getränke)",
    "productUrl": "https://www.spar.at/produktwelt/spar-natur-pur-zweigelt-lieblich-bio-wein-2022-p2020005249349",
    "storeName": "SPAR",
    "searchTags": [
      "spar",
      "naturpur",
      "bio",
      "zweigelt",
      "lieblich",
      "wein",
      "rotwein",
      "alkohol",
      "wine",
      "sweet wine",
      "organic"
    ],
    "offerStartDate": "2024-05-15",
    "offerEndDate": "2024-05-15"
  },
  {
    "productHash": "spar-apfelsaft-100-4x1l",
    "productName": "SPAR Apfelsaft 100% 4x1l",
    "currentPrice": "€5,96",
    "originalPrice": "€6,99",
    "discount": "15% OFF",
    "unitMeasure": "4 L",
    "category": "Drinks & Beverages (Getränke)",
    "productUrl": "https://www.spar.at/produktwelt/spar-qualitaetsmarke-apfelsaft-100-4x1l-p837385",
    "storeName": "SPAR",
    "searchTags": [
      "spar",
      "apfelsaft",
      "100%",
      "fruchtsaft",
      "getränk",
      "apple juice",
      "juice",
      "multipack",
      "drink"
    ],
    "offerStartDate": "2024-05-15",
    "offerEndDate": "2024-05-15"
  },
  {
    "productHash": "spar-100-apfelsaft-mild",
    "productName": "SPAR 100% Apfelsaft mild",
    "currentPrice": "€1,49",
    "originalPrice": "€1,79",
    "discount": "17% OFF",
    "unitMeasure": "1 L",
    "category": "Drinks & Beverages (Getränke)",
    "productUrl": "https://www.spar.at/produktwelt/spar-qualitaetsmarke-apfelsaft-100-mild-p2020002881771",
    "storeName": "SPAR",
    "searchTags": [
      "spar",
      "apfelsaft",
      "100%",
      "mild",
      "fruchtsaft",
      "getränk",
      "apple juice",
      "juice",
      "drink"
    ],
    "offerStartDate": "2024-05-15",
    "offerEndDate": "2024-05-15"
  },
  {
    "productHash": "spar-tonic-water",
    "productName": "SPAR Tonic Water",
    "currentPrice": "€0,79",
    "originalPrice": "€1,19",
    "discount": "34% OFF",
    "unitMeasure": "1 L",
    "category": "Drinks & Beverages (Getränke)",
    "productUrl": "https://www.spar.at/produktwelt/spar-tonic-water-p2020005351837",
    "storeName": "SPAR",
    "searchTags": [
      "spar",
      "tonic",
      "water",
      "wasser",
      "bittergetränk",
      "mixer",
      "erfrischungsgetränk",
      "drink"
    ],
    "offerStartDate": "2024-05-15",
    "offerEndDate": "2024-05-15"
  },
  {
    "productHash": "spar-naturpur-bio-gute-nacht-tee-20-teebeutel",
    "productName": "SPAR Natur*pur Bio-Gute Nacht-Tee 20 Teebeutel",
    "currentPrice": "€2,49",
    "originalPrice": "€2,99",
    "discount": "17% OFF",
    "unitMeasure": "N/A",
    "category": "Drinks & Beverages (Getränke)",
    "productUrl": "https://www.spar.at/produktwelt/spar-natur-pur-bio-gute-nacht-tee-20-teebeutel-p6336844",
    "storeName": "SPAR",
    "searchTags": [
      "spar",
      "naturpur",
      "bio",
      "gute nacht",
      "tee",
      "kräutertee",
      "teebeutel",
      "getränk",
      "herbal tea",
      "sleep tea",
      "organic"
    ],
    "offerStartDate": "2024-05-15",
    "offerEndDate": "2024-05-15"
  },
  {
    "productHash": "spar-naturpur-bio-winter-fruechtetee-20-teebeutel",
    "productName": "SPAR Natur*pur Bio-Winter Früchtetee 20 Teebeutel",
    "currentPrice": "€2,49",
    "originalPrice": "€2,99",
    "discount": "17% OFF",
    "unitMeasure": "N/A",
    "category": "Drinks & Beverages (Getränke)",
    "productUrl": "https://www.spar.at/produktwelt/spar-natur-pur-bio-winter-tee-20-teebeutel-p2020001360482",
    "storeName": "SPAR",
    "searchTags": [
      "spar",
      "naturpur",
      "bio",
      "winter",
      "früchte",
      "tee",
      "früchtetee",
      "teebeutel",
      "getränk",
      "fruit tea",
      "winter tea",
      "organic"
    ],
    "offerStartDate": "2024-05-15",
    "offerEndDate": "2024-05-15"
  },
  {
    "productHash": "spar-eistee-pfirsich",
    "productName": "SPAR Eistee Pfirsich",
    "currentPrice": "€0,46",
    "originalPrice": "€0,69",
    "discount": "33% OFF",
    "unitMeasure": "0,5 L",
    "category": "Drinks & Beverages (Getränke)",
    "productUrl": "https://www.spar.at/produktwelt/spar-eistee-pfirsich-p2020005350977",
    "storeName": "SPAR",
    "searchTags": [
      "spar",
      "eistee",
      "pfirsich",
      "tee",
      "kaltgetränk",
      "ice tea",
      "peach",
      "drink"
    ],
    "offerStartDate": "2024-05-15",
    "offerEndDate": "2024-05-15"
  },
  {
    "productHash": "spar-cola-classic",
    "productName": "SPAR Cola Classic",
    "currentPrice": "€0,79",
    "originalPrice": "€1,19",
    "discount": "34% OFF",
    "unitMeasure": "1,5 L",
    "category": "Drinks & Beverages (Getränke)",
    "productUrl": "https://www.spar.at/produktwelt/spar-cola-classic-p2020005351028",
    "storeName": "SPAR",
    "searchTags": [
      "spar",
      "cola",
      "classic",
      "limonade",
      "erfrischungsgetränk",
      "getränk",
      "softdrink",
      "soda"
    ],
    "offerStartDate": "2024-05-15",
    "offerEndDate": "2024-05-15"
  },
  {
    "productHash": "spar-100-apfelsaft",
    "productName": "SPAR 100% Apfelsaft",
    "currentPrice": "€1,49",
    "originalPrice": "€1,79",
    "discount": "17% OFF",
    "unitMeasure": "1 L",
    "category": "Drinks & Beverages (Getränke)",
    "productUrl": "https://www.spar.at/produktwelt/spar-qualitaetsmarke-100-apfelsaft-p375016",
    "storeName": "SPAR",
    "searchTags": [
      "spar",
      "100%",
      "apfelsaft",
      "fruchtsaft",
      "getränk",
      "apple juice",
      "juice",
      "drink"
    ],
    "offerStartDate": "2024-05-15",
    "offerEndDate": "2024-05-15"
  },
  {
    "productHash": "spar-naturpur-bio-aroniasaft-direkt-gepresst",
    "productName": "SPAR Natur*pur Bio-Aroniasaft direkt gepresst",
    "currentPrice": "€5,99",
    "originalPrice": "€6,99",
    "discount": "14% OFF",
    "unitMeasure": "0,75 L",
    "category": "Drinks & Beverages (Getränke)",
    "productUrl": "https://www.spar.at/produktwelt/spar-natur-pur-bio-aroniasaft-p2020004855077",
    "storeName": "SPAR",
    "searchTags": [
      "spar",
      "naturpur",
      "bio",
      "aroniasaft",
      "direktsaft",
      "fruchtsaft",
      "getränk",
      "aronia juice",
      "organic",
      "juice"
    ],
    "offerStartDate": "2024-05-15",
    "offerEndDate": "2024-05-15"
  },
  {
    "productHash": "spar-cola-light",
    "productName": "SPAR Cola light",
    "currentPrice": "€0,79",
    "originalPrice": "€1,19",
    "discount": "34% OFF",
    "unitMeasure": "1,5 L",
    "category": "Drinks & Beverages (Getränke)",
    "productUrl": "https://www.spar.at/produktwelt/spar-qualitaetsmarke-cola-light-p2020005379626",
    "storeName": "SPAR",
    "searchTags": [
      "spar",
      "cola",
      "light",
      "limonade",
      "erfrischungsgetränk",
      "zuckerfrei",
      "getränk",
      "diet cola",
      "softdrink"
    ],
    "offerStartDate": "2024-05-15",
    "offerEndDate": "2024-05-15"
  },
  {
    "productHash": "spar-bitter-lemon",
    "productName": "SPAR Bitter Lemon",
    "currentPrice": "€0,79",
    "originalPrice": "€1,19",
    "discount": "34% OFF",
    "unitMeasure": "1 L",
    "category": "Drinks & Beverages (Getränke)",
    "productUrl": "https://www.spar.at/produktwelt/spar-bitter-lemon-p2020005351844",
    "storeName": "SPAR",
    "searchTags": [
      "spar",
      "bitter lemon",
      "limonade",
      "erfrischungsgetränk",
      "getränk",
      "mixer",
      "lemon",
      "softdrink"
    ],
    "offerStartDate": "2024-05-15",
    "offerEndDate": "2024-05-15"
  },
  {
    "productHash": "spar-100-multivitamin-mild",
    "productName": "SPAR 100% Multivitamin mild",
    "currentPrice": "€1,49",
    "originalPrice": "€1,89",
    "discount": "21% OFF",
    "unitMeasure": "1 L",
    "category": "Drinks & Beverages (Getränke)",
    "productUrl": "https://www.spar.at/produktwelt/spar-qualitaetsmarke-multivitaminsaft-mild-p2020002881863",
    "storeName": "SPAR",
    "searchTags": [
      "spar",
      "100%",
      "multivitamin",
      "mild",
      "saft",
      "fruchtsaft",
      "getränk",
      "multivitamin juice",
      "juice",
      "drink"
    ],
    "offerStartDate": "2024-05-15",
    "offerEndDate": "2024-05-15"
  },
  {
    "productHash": "spar-naturpur-bio-caffe-crema-intenso",
    "productName": "SPAR Natur*pur Bio-Caffè Crema Intenso",
    "currentPrice": "€16,99",
    "originalPrice": "€17,99",
    "discount": "6% OFF",
    "unitMeasure": "1 KG",
    "category": "Drinks & Beverages (Getränke)",
    "productUrl": "https://www.spar.at/produktwelt/spar-natur-pur-bio-caffe-crema-intenso-p2020003902116",
    "storeName": "SPAR",
    "searchTags": [
      "spar",
      "naturpur",
      "bio",
      "caffè crema",
      "intenso",
      "kaffee",
      "kaffeebohnen",
      "intensiv",
      "coffee",
      "organic"
    ],
    "offerStartDate": "2024-05-15",
    "offerEndDate": "2024-05-15"
  },
  {
    "productHash": "spar-naturpur-chardonnay-bio-wein",
    "productName": "SPAR Natur*pur Chardonnay Bio-Wein",
    "currentPrice": "€4,99",
    "originalPrice": "€6,49",
    "discount": "23% OFF",
    "unitMeasure": "0,75 L",
    "category": "Drinks & Beverages (Getränke)",
    "productUrl": "https://www.spar.at/produktwelt/spar-natur-pur-chardonnay-bio-wein-2023-p2020005246690",
    "storeName": "SPAR",
    "searchTags": [
      "spar",
      "naturpur",
      "chardonnay",
      "bio",
      "wein",
      "weißwein",
      "alkohol",
      "wine",
      "organic",
      "drink"
    ],
    "offerStartDate": "2024-05-15",
    "offerEndDate": "2024-05-15"
  },
  {
    "productHash": "spar-eistee-drachenfrucht",
    "productName": "SPAR Eistee Drachenfrucht",
    "currentPrice": "€0,46",
    "originalPrice": "€0,69",
    "discount": "33% OFF",
    "unitMeasure": "0,5 L",
    "category": "Drinks & Beverages (Getränke)",
    "productUrl": "https://www.spar.at/produktwelt/spar-eistee-drachenfrucht-p2020005352117",
    "storeName": "SPAR",
    "searchTags": [
      "spar",
      "eistee",
      "drachenfrucht",
      "tee",
      "kaltgetränk",
      "ice tea",
      "dragon fruit",
      "drink"
    ],
    "offerStartDate": "2024-05-15",
    "offerEndDate": "2024-05-15"
  },
  {
    "productHash": "spar-naturpur-bio-chai-tee-20-teebeutel",
    "productName": "SPAR Natur*pur Bio-Chai-Tee 20 Teebeutel",
    "currentPrice": "€2,49",
    "originalPrice": "€2,99",
    "discount": "17% OFF",
    "unitMeasure": "N/A",
    "category": "Drinks & Beverages (Getränke)",
    "productUrl": "https://www.spar.at/produktwelt/spar-natur-pur-bio-chai-tee-20-teebeutel-p1568028",
    "storeName": "SPAR",
    "searchTags": [
      "spar",
      "naturpur",
      "bio",
      "chai",
      "tee",
      "gewürztee",
      "teebeutel",
      "getränk",
      "chai tea",
      "organic",
      "spiced tea"
    ],
    "offerStartDate": "2024-05-15",
    "offerEndDate": "2024-05-15"
  },
  {
    "productHash": "spar-schwarze-johannisbeere",
    "productName": "SPAR Schwarze Johannisbeere",
    "currentPrice": "€1,49",
    "originalPrice": "€1,99",
    "discount": "25% OFF",
    "unitMeasure": "1 L",
    "category": "Drinks & Beverages (Getränke)",
    "productUrl": "https://www.spar.at/produktwelt/spar-qualitaetsmarke-schwarze-johannisbeere-p3065419",
    "storeName": "SPAR",
    "searchTags": [
      "spar",
      "schwarze johannisbeere",
      "saft",
      "fruchtsaft",
      "getränk",
      "blackcurrant",
      "juice",
      "drink"
    ],
    "offerStartDate": "2024-05-15",
    "offerEndDate": "2024-05-15"
  },
  {
    "productHash": "spar-wild-berry",
    "productName": "SPAR Wild Berry",
    "currentPrice": "€0,79",
    "originalPrice": "€1,19",
    "discount": "34% OFF",
    "unitMeasure": "1 L",
    "category": "Drinks & Beverages (Getränke)",
    "productUrl": "https://www.spar.at/produktwelt/spar-wild-berry-p2020005351875",
    "storeName": "SPAR",
    "searchTags": [
      "spar",
      "wild berry",
      "limonade",
      "erfrischungsgetränk",
      "getränk",
      "beeren",
      "softdrink",
      "berries"
    ],
    "offerStartDate": "2024-05-15",
    "offerEndDate": "2024-05-15"
  },
  {
    "productHash": "spar-ginger-ale",
    "productName": "SPAR Ginger Ale",
    "currentPrice": "€0,79",
    "originalPrice": "€1,19",
    "discount": "34% OFF",
    "unitMeasure": "1 L",
    "category": "Drinks & Beverages (Getränke)",
    "productUrl": "https://www.spar.at/produktwelt/spar-ginger-ale-p2020005351868",
    "storeName": "SPAR",
    "searchTags": [
      "spar",
      "ginger ale",
      "ingwer",
      "limonade",
      "erfrischungsgetränk",
      "getränk",
      "ginger beer",
      "softdrink"
    ],
    "offerStartDate": "2024-05-15",
    "offerEndDate": "2024-05-15"
  },
  {
    "productHash": "spar-100-steirischer-apfelsaft",
    "productName": "SPAR 100% steirischer Apfelsaft",
    "currentPrice": "€1,49",
    "originalPrice": "€1,89",
    "discount": "21% OFF",
    "unitMeasure": "1 L",
    "category": "Drinks & Beverages (Getränke)",
    "productUrl": "https://www.spar.at/produktwelt/spar-qualitaetsmarke-100-apfelsaft-aus-der-steiermark-p5398485",
    "storeName": "SPAR",
    "searchTags": [
      "spar",
      "100%",
      "steirischer",
      "apfelsaft",
      "regional",
      "fruchtsaft",
      "getränk",
      "apple juice",
      "styrian",
      "juice"
    ],
    "offerStartDate": "2024-05-15",
    "offerEndDate": "2024-05-15"
  },
  {
    "productHash": "spar-enjoy-soda-johannisbeere",
    "productName": "SPAR enjoy Soda Johannisbeere",
    "currentPrice": "€0,69",
    "originalPrice": "€0,85",
    "discount": "19% OFF",
    "unitMeasure": "0,75 L",
    "category": "Drinks & Beverages (Getränke)",
    "productUrl": "https://www.spar.at/produktwelt/spar-enjoy-p2020005777378",
    "storeName": "SPAR",
    "searchTags": [
      "spar",
      "enjoy",
      "soda",
      "johannisbeere",
      "limonade",
      "erfrischungsgetränk",
      "getränk",
      "currant",
      "softdrink"
    ],
    "offerStartDate": "2024-05-15",
    "offerEndDate": "2024-05-15"
  },
  {
    "productHash": "spar-naturpur-bio-pfefferminz-tee-20-teebeutel",
    "productName": "SPAR Natur*pur Bio-Pfefferminz-Tee 20 Teebeutel",
    "currentPrice": "€2,49",
    "originalPrice": "€2,99",
    "discount": "17% OFF",
    "unitMeasure": "N/A",
    "category": "Drinks & Beverages (Getränke)",
    "productUrl": "https://www.spar.at/produktwelt/spar-natur-pur-bio-pfefferminz-tee-20-teebeutel-p7377082",
    "storeName": "SPAR",
    "searchTags": [
      "spar",
      "naturpur",
      "bio",
      "pfefferminz",
      "tee",
      "kräutertee",
      "teebeutel",
      "getränk",
      "peppermint",
      "herbal tea",
      "organic"
    ],
    "offerStartDate": "2024-05-15",
    "offerEndDate": "2024-05-15"
  },
  {
    "productHash": "spar-heidelbeere",
    "productName": "SPAR Heidelbeere",
    "currentPrice": "€1,49",
    "originalPrice": "€1,79",
    "discount": "17% OFF",
    "unitMeasure": "1 L",
    "category": "Drinks & Beverages (Getränke)",
    "productUrl": "https://www.spar.at/produktwelt/spar-heidelbeere-p2020005414051",
    "storeName": "SPAR",
    "searchTags": [
      "spar",
      "heidelbeere",
      "saft",
      "fruchtsaft",
      "getränk",
      "blueberry",
      "juice",
      "drink"
    ],
    "offerStartDate": "2024-05-15",
    "offerEndDate": "2024-05-15"
  },
  {
    "productHash": "regio-wiener-kroenung-ganze-bohne",
    "productName": "REGIO Wiener Krönung ganze Bohne",
    "currentPrice": "€6,99",
    "originalPrice": "€7,99",
    "discount": "13% OFF",
    "unitMeasure": "500 G",
    "category": "Drinks & Beverages (Getränke)",
    "productUrl": "https://www.spar.at/produktwelt/regio-wiener-kroenung-ganze-bohne-p7499579",
    "storeName": "SPAR",
    "searchTags": [
      "regio",
      "wiener krönung",
      "kaffee",
      "ganze bohne",
      "kaffeebohnen",
      "coffee",
      "viennese roast",
      "beans"
    ],
    "offerStartDate": "2024-05-15",
    "offerEndDate": "2024-05-15"
  },
  {
    "productHash": "regio-wiener-kroenung-gemahlen",
    "productName": "REGIO Wiener Krönung gemahlen",
    "currentPrice": "€6,99",
    "originalPrice": "€7,99",
    "discount": "13% OFF",
    "unitMeasure": "500 G",
    "category": "Drinks & Beverages (Getränke)",
    "productUrl": "https://www.spar.at/produktwelt/regio-wiener-kroenung-gemahlen-p7493720",
    "storeName": "SPAR",
    "searchTags": [
      "regio",
      "wiener krönung",
      "kaffee",
      "gemahlen",
      "kaffeepulver",
      "coffee",
      "ground coffee",
      "viennese roast"
    ],
    "offerStartDate": "2024-05-15",
    "offerEndDate": "2024-05-15"
  },
  {
    "productHash": "schloss-fels-gruener-veltliner-wagram-dac",
    "productName": "Schloss Fels Grüner Veltliner Wagram DAC",
    "currentPrice": "€5,32",
    "originalPrice": "€7,99",
    "discount": "33% OFF",
    "unitMeasure": "0,75 L",
    "category": "Drinks & Beverages (Getränke)",
    "productUrl": "https://www.spar.at/produktwelt/schloss-fels-gruener-veltliner-wagram-dac-2024-p2020004951366",
    "storeName": "SPAR",
    "searchTags": [
      "schloss fels",
      "grüner veltliner",
      "wagram",
      "dac",
      "wein",
      "weißwein",
      "alkohol",
      "wine",
      "austrian wine",
      "drink"
    ],
    "offerStartDate": "2024-05-15",
    "offerEndDate": "2024-05-15"
  },
  {
    "productHash": "twinings-earl-grey-20x2g",
    "productName": "Twinings Earl Grey 20x2g",
    "currentPrice": "€2,99",
    "originalPrice": "€N/A",
    "discount": "N/A",
    "unitMeasure": "N/A",
    "category": "Drinks & Beverages (Getränke)",
    "productUrl": "https://www.spar.at/produktwelt/twinings-twinings-earl-grey-earl-grey-20x2g-p2020005426306",
    "storeName": "SPAR",
    "searchTags": [
      "twinings",
      "earl grey",
      "tee",
      "schwarzer tee",
      "teebeutel",
      "getränk",
      "black tea",
      "tea"
    ],
    "offerStartDate": "2024-05-15",
    "offerEndDate": "2024-05-15"
  },
  {
    "productHash": "hakuma-focus-mango",
    "productName": "Hakuma Focus Mango",
    "currentPrice": "€1,06",
    "originalPrice": "€1,59",
    "discount": "33% OFF",
    "unitMeasure": "235 ML",
    "category": "Drinks & Beverages (Getränke)",
    "productUrl": "https://www.spar.at/produktwelt/hakuma-focus-mango-p2020003627941",
    "storeName": "SPAR",
    "searchTags": [
      "hakuma",
      "focus",
      "mango",
      "getränk",
      "erfrischungsgetränk",
      "drink",
      "mango drink",
      "fruit drink"
    ],
    "offerStartDate": "2024-05-15",
    "offerEndDate": "2024-05-15"
  },
  {
    "productHash": "voelkel-demeter-shot-ingwer-kurkuma",
    "productName": "Voelkel Demeter Shot Ingwer & Kurkuma",
    "currentPrice": "€3,69",
    "originalPrice": "€3,89",
    "discount": "5% OFF",
    "unitMeasure": "280 ML",
    "category": "Drinks & Beverages (Getränke)",
    "productUrl": "https://www.spar.at/produktwelt/voelkel-demeter-shot-ingwer-kurkuma-p2020003649691",
    "storeName": "SPAR",
    "searchTags": [
      "voelkel",
      "demeter",
      "shot",
      "ingwer",
      "kurkuma",
      "saft",
      "gesundheit",
      "ginger",
      "turmeric",
      "juice"
    ],
    "offerStartDate": "2024-05-15",
    "offerEndDate": "2024-05-15"
  },
  {
    "productHash": "jameson-irish-whiskey",
    "productName": "Jameson Irish Whiskey",
    "currentPrice": "€19,99",
    "originalPrice": "€25,99",
    "discount": "23% OFF",
    "unitMeasure": "0,7 L",
    "category": "Drinks & Beverages (Getränke)",
    "productUrl": "https://www.spar.at/produktwelt/jameson-p7691621",
    "storeName": "SPAR",
    "searchTags": [
      "jameson",
      "irish whiskey",
      "whiskey",
      "spirituose",
      "alkohol",
      "brandy",
      "irish",
      "drink"
    ],
    "offerStartDate": "2024-05-15",
    "offerEndDate": "2024-05-15"
  },
  {
    "productHash": "freixenet-carta-dry",
    "productName": "Freixenet Carta Dry",
    "currentPrice": "€4,99",
    "originalPrice": "€9,99",
    "discount": "50% OFF",
    "unitMeasure": "0,75 L",
    "category": "Drinks & Beverages (Getränke)",
    "productUrl": "https://www.spar.at/produktwelt/freixenet-carta-dry-p6989002",
    "storeName": "SPAR",
    "searchTags": [
      "freixenet",
      "carta dry",
      "sekt",
      "cava",
      "schaumwein",
      "alkohol",
      "sparkling wine",
      "wine",
      "drink"
    ],
    "offerStartDate": "2024-05-15",
    "offerEndDate": "2024-05-15"
  },
  {
    "productHash": "cafe-royal-hazelnut-10-kapseln",
    "productName": "Café Royal Hazelnut 10 Kapseln",
    "currentPrice": "€3,49",
    "originalPrice": "€4,49",
    "discount": "22% OFF",
    "unitMeasure": "10 STK",
    "category": "Drinks & Beverages (Getränke)",
    "productUrl": "https://www.spar.at/produktwelt/cafe-royal-hazelnut-10-kapseln-p2020003636271",
    "storeName": "SPAR",
    "searchTags": [
      "café royal",
      "hazelnut",
      "kaffee",
      "kapseln",
      "haselnuss",
      "coffee",
      "capsules",
      "drink"
    ],
    "offerStartDate": "2024-05-15",
    "offerEndDate": "2024-05-15"
  },
  {
    "productHash": "fanta-orange",
    "productName": "Fanta Orange",
    "currentPrice": "€1,99",
    "originalPrice": "€N/A",
    "discount": "N/A",
    "unitMeasure": "1 L",
    "category": "Drinks & Beverages (Getränke)",
    "productUrl": "https://www.spar.at/produktwelt/fanta-orange-p2020005442696",
    "storeName": "SPAR",
    "searchTags": [
      "fanta",
      "orange",
      "limonade",
      "erfrischungsgetränk",
      "getränk",
      "soda",
      "softdrink",
      "orange soda"
    ],
    "offerStartDate": "2024-05-15",
    "offerEndDate": "2024-05-15"
  },
  {
    "productHash": "capri-sun-safari-fruits",
    "productName": "Capri-Sun Safari Fruits",
    "currentPrice": "€0,42",
    "originalPrice": "€0,85",
    "discount": "51% OFF",
    "unitMeasure": "200 ML",
    "category": "Drinks & Beverages (Getränke)",
    "productUrl": "https://www.spar.at/produktwelt/capri-sun-safari-fruits-p3288696",
    "storeName": "SPAR",
    "searchTags": [
      "capri-sun",
      "safari fruits",
      "fruchtsaftgetränk",
      "kindergetränk",
      "saft",
      "juice drink",
      "kids drink",
      "fruit"
    ],
    "offerStartDate": "2024-05-15",
    "offerEndDate": "2024-05-15"
  },
  {
    "productHash": "tassimo-jacobs-medaille-dor-16-kapseln",
    "productName": "Tassimo Jacobs Médaille d´Or 16 Kapseln",
    "currentPrice": "€6,69",
    "originalPrice": "€7,99",
    "discount": "16% OFF",
    "unitMeasure": "16 STK",
    "category": "Drinks & Beverages (Getränke)",
    "productUrl": "https://www.spar.at/produktwelt/tassimo-jacobs-medaille-d-or-16-kapseln-p7392931",
    "storeName": "SPAR",
    "searchTags": [
      "tassimo",
      "jacobs",
      "médaille d'or",
      "kaffee",
      "kapseln",
      "coffee",
      "gold medal",
      "capsules",
      "drink"
    ],
    "offerStartDate": "2024-05-15",
    "offerEndDate": "2024-05-15"
  },
  {
    "productHash": "goesser-naturradler-zitrone-0-0-alkoholfrei-6x0-5l",
    "productName": "Gösser Naturradler Zitrone 0,0% alkoholfrei 6x0,5l",
    "currentPrice": "€5,94",
    "originalPrice": "€9,54",
    "discount": "38% OFF",
    "unitMeasure": "3.000 ML",
    "category": "Drinks & Beverages (Getränke)",
    "productUrl": "https://www.spar.at/produktwelt/goesser-naturradler-zitrone-0-0-alkoholfrei-6x0-5lt-p2020005436381",
    "storeName": "SPAR",
    "searchTags": [
      "gösser",
      "naturradler",
      "zitrone",
      "alkoholfrei",
      "bier",
      "radler",
      "multipack",
      "non-alcoholic",
      "beer",
      "lemon"
    ],
    "offerStartDate": "2024-05-15",
    "offerEndDate": "2024-05-15"
  },
  {
    "productHash": "true-fruits-smoothie-triple-pink",
    "productName": "true fruits smoothie triple pink",
    "currentPrice": "€2,79",
    "originalPrice": "€4,49",
    "discount": "38% OFF",
    "unitMeasure": "0,75 L",
    "category": "Drinks & Beverages (Getränke)",
    "productUrl": "https://www.spar.at/produktwelt/true-fruits-smoothie-triple-pink-p2020002517786",
    "storeName": "SPAR",
    "searchTags": [
      "true fruits",
      "smoothie",
      "triple pink",
      "frucht",
      "getränk",
      "fruit drink",
      "healthy drink",
      "drink"
    ],
    "offerStartDate": "2024-05-15",
    "offerEndDate": "2024-05-15"
  },
  {
    "productHash": "cafe-royal-ristretto-10-kapseln",
    "productName": "Café Royal Ristretto 10 Kapseln",
    "currentPrice": "€3,49",
    "originalPrice": "€3,99",
    "discount": "13% OFF",
    "unitMeasure": "10 STK",
    "category": "Drinks & Beverages (Getränke)",
    "productUrl": "https://www.spar.at/produktwelt/cafe-royal-ristretto-10-kapseln-p7499173",
    "storeName": "SPAR",
    "searchTags": [
      "café royal",
      "ristretto",
      "kaffee",
      "kapseln",
      "intensiv",
      "espresso",
      "coffee",
      "capsules",
      "drink"
    ],
    "offerStartDate": "2024-05-15",
    "offerEndDate": "2024-05-15"
  },
  {
    "productHash": "reisetbauer-organic-gin",
    "productName": "Reisetbauer Organic Gin",
    "currentPrice": "€25,99",
    "originalPrice": "€28,99",
    "discount": "10% OFF",
    "unitMeasure": "0,5 L",
    "category": "Drinks & Beverages (Getränke)",
    "productUrl": "https://www.spar.at/produktwelt/reisetbauer-organic-gin-p2020001874200",
    "storeName": "SPAR",
    "searchTags": [
      "reisetbauer",
      "organic gin",
      "gin",
      "spirituose",
      "alkohol",
      "bio",
      "distilled",
      "drink"
    ],
    "offerStartDate": "2024-05-15",
    "offerEndDate": "2024-05-15"
  },
  {
    "productHash": "eduscho-espresso-classico-10-kapseln",
    "productName": "Eduscho Espresso Classico 10 Kapseln",
    "currentPrice": "€2,79",
    "originalPrice": "€4,49",
    "discount": "38% OFF",
    "unitMeasure": "10 STK",
    "category": "Drinks & Beverages (Getränke)",
    "productUrl": "https://www.spar.at/produktwelt/eduscho-espresso-classico-10-kapseln-p2020002801045",
    "storeName": "SPAR",
    "searchTags": [
      "eduscho",
      "espresso",
      "classico",
      "kaffee",
      "kapseln",
      "coffee",
      "classic",
      "capsules",
      "drink"
    ],
    "offerStartDate": "2024-05-15",
    "offerEndDate": "2024-05-15"
  },
  {
    "productHash": "porta-leone-prosecco-spumante-doc",
    "productName": "Porta Leone Prosecco Spumante DOC",
    "currentPrice": "€5,99",
    "originalPrice": "€11,99",
    "discount": "50% OFF",
    "unitMeasure": "0,75 L",
    "category": "Drinks & Beverages (Getränke)",
    "productUrl": "https://www.spar.at/produktwelt/porta-leone-prosecco-spumante-doc-p6905279",
    "storeName": "SPAR",
    "searchTags": [
      "porta leone",
      "prosecco",
      "spumante",
      "doc",
      "schaumwein",
      "wein",
      "alkohol",
      "sparkling wine",
      "wine",
      "drink"
    ],
    "offerStartDate": "2024-05-15",
    "offerEndDate": "2024-05-15"
  },
  {
    "productHash": "tchibo-cafissimo-espresso-kraeftig-30-kapseln",
    "productName": "Tchibo Cafissimo Espresso kräftig 30 Kapseln",
    "currentPrice": "€9,99",
    "originalPrice": "€12,99",
    "discount": "23% OFF",
    "unitMeasure": "30 STK",
    "category": "Drinks & Beverages (Getränke)",
    "productUrl": "https://www.spar.at/produktwelt/tchibo-cafissimo-espresso-kraeftig-30-kapseln-p2020002517083",
    "storeName": "SPAR",
    "searchTags": [
      "tchibo",
      "cafissimo",
      "espresso",
      "kräftig",
      "kaffee",
      "kapseln",
      "intensiv",
      "coffee",
      "capsules",
      "drink"
    ],
    "offerStartDate": "2024-05-15",
    "offerEndDate": "2024-05-15"
  },
  {
    "productHash": "nescafe-gold-loeskaffee-edelmischung",
    "productName": "Nescafé Gold Löskaffee Edelmischung",
    "currentPrice": "€9,99",
    "originalPrice": "€15,49",
    "discount": "36% OFF",
    "unitMeasure": "200 G",
    "category": "Drinks & Beverages (Getränke)",
    "productUrl": "https://www.spar.at/produktwelt/nescafe-gold-loeskaffee-edelmischung-p770293",
    "storeName": "SPAR",
    "searchTags": [
      "nescafé gold",
      "löslicher kaffee",
      "edelmischung",
      "instant kaffee",
      "kaffee",
      "gold",
      "coffee",
      "instant",
      "drink"
    ],
    "offerStartDate": "2024-05-15",
    "offerEndDate": "2024-05-15"
  },
  {
    "productHash": "tchibo-barista-espresso-ganze-bohne",
    "productName": "Tchibo Barista Espresso ganze Bohne",
    "currentPrice": "€18,99",
    "originalPrice": "€26,99",
    "discount": "30% OFF",
    "unitMeasure": "1 KG",
    "category": "Drinks & Beverages (Getränke)",
    "productUrl": "https://www.spar.at/produktwelt/tchibo-barista-espresso-ganze-bohne-p5501151",
    "storeName": "SPAR",
    "searchTags": [
      "tchibo",
      "barista",
      "espresso",
      "ganze bohne",
      "kaffee",
      "kaffeebohnen",
      "coffee",
      "beans",
      "drink"
    ],
    "offerStartDate": "2024-05-15",
    "offerEndDate": "2024-05-15"
  },
  {
    "productHash": "franziskaner-weissbier-naturtrueb",
    "productName": "Franziskaner Weissbier Naturtrüb",
    "currentPrice": "€0,84",
    "originalPrice": "€1,24",
    "discount": "32% OFF",
    "unitMeasure": "500 ML",
    "category": "Drinks & Beverages (Getränke)",
    "productUrl": "https://www.spar.at/produktwelt/franziskaner-weissbier-naturtrueb-p3640777",
    "storeName": "SPAR",
    "searchTags": [
      "franziskaner",
      "weißbier",
      "naturtrüb",
      "bier",
      "weizenbier",
      "alkohol",
      "beer",
      "wheat beer",
      "drink"
    ],
    "offerStartDate": "2024-05-15",
    "offerEndDate": "2024-05-15"
  },
  {
    "productHash": "bombay-sapphire-london-dry-gin",
    "productName": "Bombay Sapphire London Dry Gin",
    "currentPrice": "€21,99",
    "originalPrice": "€25,49",
    "discount": "14% OFF",
    "unitMeasure": "0,7 L",
    "category": "Drinks & Beverages (Getränke)",
    "productUrl": "https://www.spar.at/produktwelt/bombay-sapphire-london-dry-gin-p7681707",
    "storeName": "SPAR",
    "searchTags": [
      "bombay sapphire",
      "london dry gin",
      "gin",
      "spirituose",
      "alkohol",
      "wacholder",
      "drink"
    ],
    "offerStartDate": "2024-05-15",
    "offerEndDate": "2024-05-15"
  },
  {
    "productHash": "capri-sun-kirsche",
    "productName": "Capri-Sun Kirsche",
    "currentPrice": "€0,42",
    "originalPrice": "€0,85",
    "discount": "51% OFF",
    "unitMeasure": "200 ML",
    "category": "Drinks & Beverages (Getränke)",
    "productUrl": "https://www.spar.at/produktwelt/capri-sun-kirsche-p3288658",
    "storeName": "SPAR",
    "searchTags": [
      "capri-sun",
      "kirsche",
      "fruchtsaftgetränk",
      "kindergetränk",
      "saft",
      "cherry",
      "juice drink",
      "kids drink"
    ],
    "offerStartDate": "2024-05-15",
    "offerEndDate": "2024-05-15"
  },
  {
    "productHash": "nescafe-dolce-gusto-cafe-au-lait-16-kapseln",
    "productName": "Nescafé Dolce Gusto Café au Lait 16 Kapseln",
    "currentPrice": "€6,49",
    "originalPrice": "€7,49",
    "discount": "13% OFF",
    "unitMeasure": "16 STK",
    "category": "Drinks & Beverages (Getränke)",
    "productUrl": "https://www.spar.at/produktwelt/nescafe-dolce-gusto-kapseln-cafe-au-lait-16-kapseln-p7875472",
    "storeName": "SPAR",
    "searchTags": [
      "nescafé",
      "dolce gusto",
      "café au lait",
      "kaffee",
      "milchkaffee",
      "kapseln",
      "coffee",
      "milk coffee",
      "capsules",
      "drink"
    ],
    "offerStartDate": "2024-05-15",
    "offerEndDate": "2024-05-15"
  },
  {
    "productHash": "darbo-fruchtsirup-wildpreiselbeer",
    "productName": "Darbo Fruchtsirup Wildpreiselbeer",
    "currentPrice": "€6,99",
    "originalPrice": "€N/A",
    "discount": "N/A",
    "unitMeasure": "0,5 L",
    "category": "Drinks & Beverages (Getränke)",
    "productUrl": "https://www.spar.at/produktwelt/darbo-fruchtsirup-wildpreiselbeer-p5040223",
    "storeName": "SPAR",
    "searchTags": [
      "darbo",
      "fruchtsirup",
      "wildpreiselbeer",
      "sirup",
      "getränkezusatz",
      "preiselbeere",
      "syrup",
      "lingonberry",
      "drink mixer"
    ],
    "offerStartDate": "2024-05-15",
    "offerEndDate": "2024-05-15"
  },
  {
    "productHash": "rauch-eistee-zitrone",
    "productName": "Rauch Eistee Zitrone",
    "currentPrice": "€1,19",
    "originalPrice": "€1,79",
    "discount": "34% OFF",
    "unitMeasure": "1 L",
    "category": "Drinks & Beverages (Getränke)",
    "productUrl": "https://www.spar.at/produktwelt/rauch-eistee-zitrone-p2020005435605",
    "storeName": "SPAR",
    "searchTags": [
      "rauch",
      "eistee",
      "zitrone",
      "tee",
      "kaltgetränk",
      "ice tea",
      "lemon",
      "drink"
    ],
    "offerStartDate": "2024-05-15",
    "offerEndDate": "2024-05-15"
  },
  {
    "productHash": "scheiblhofer-cool-john",
    "productName": "Scheiblhofer Cool John",
    "currentPrice": "€7,99",
    "originalPrice": "€9,99",
    "discount": "20% OFF",
    "unitMeasure": "0,75 L",
    "category": "Drinks & Beverages (Getränke)",
    "productUrl": "https://www.spar.at/produktwelt/scheiblhofer-cool-john-2024-p2020005788855",
    "storeName": "SPAR",
    "searchTags": [
      "scheiblhofer",
      "cool john",
      "wein",
      "rotwein",
      "österreich",
      "alkohol",
      "wine",
      "red wine",
      "austrian wine"
    ],
    "offerStartDate": "2024-05-15",
    "offerEndDate": "2024-05-15"
  },
  {
    "productHash": "teekanne-fruechtegarten-fruechtetee-herzkirsche-20-teebeutel",
    "productName": "Teekanne Früchtegarten Früchtetee Herzkirsche 20 Teebeutel",
    "currentPrice": "€2,59",
    "originalPrice": "€3,59",
    "discount": "28% OFF",
    "unitMeasure": "N/A",
    "category": "Drinks & Beverages (Getränke)",
    "productUrl": "https://www.spar.at/produktwelt/teekanne-fruechtegarten-fruechtetee-herzkirsche-20-teebeutel-p5847037",
    "storeName": "SPAR",
    "searchTags": [
      "teekanne",
      "früchtegarten",
      "früchtetee",
      "herzkirsche",
      "teebeutel",
      "tee",
      "fruit tea",
      "cherry tea",
      "drink"
    ],
    "offerStartDate": "2024-05-15",
    "offerEndDate": "2024-05-15"
  },
  {
    "productHash": "eduscho-caffe-crema-brasilien-exotic",
    "productName": "Eduscho Caffé Crema Brasilien Exotic",
    "currentPrice": "€15,99",
    "originalPrice": "€22,99",
    "discount": "30% OFF",
    "unitMeasure": "1 KG",
    "category": "Drinks & Beverages (Getränke)",
    "productUrl": "https://www.spar.at/produktwelt/eduscho-caffe-crema-brasilien-exotic-p2020003944864",
    "storeName": "SPAR",
    "searchTags": [
      "eduscho",
      "caffè crema",
      "brasilien exotic",
      "kaffee",
      "bohnen",
      "gemahlen",
      "coffee",
      "brazil",
      "exotic"
    ],
    "offerStartDate": "2024-05-15",
    "offerEndDate": "2024-05-15"
  },
  {
    "productHash": "scheiblhofer-premium-cuvee",
    "productName": "Scheiblhofer Premium Cuvée",
    "currentPrice": "€7,99",
    "originalPrice": "€9,99",
    "discount": "20% OFF",
    "unitMeasure": "0,75 L",
    "category": "Drinks & Beverages (Getränke)",
    "productUrl": "https://www.spar.at/produktwelt/scheiblhofer-premium-cuvee-2023-p2020000537854",
    "storeName": "SPAR",
    "searchTags": [
      "scheiblhofer",
      "premium cuvée",
      "wein",
      "rotwein",
      "österreich",
      "alkohol",
      "wine",
      "red wine",
      "austrian wine"
    ],
    "offerStartDate": "2024-05-15",
    "offerEndDate": "2024-05-15"
  },
  {
    "productHash": "tassimo-jacobs-monarch-16-kapseln",
    "productName": "Tassimo Jacobs Monarch 16 Kapseln",
    "currentPrice": "€6,69",
    "originalPrice": "€7,99",
    "discount": "16% OFF",
    "unitMeasure": "16 STK",
    "category": "Drinks & Beverages (Getränke)",
    "productUrl": "https://www.spar.at/produktwelt/tassimo-jacobs-monarch-16-kapseln-p5874910",
    "storeName": "SPAR",
    "searchTags": [
      "tassimo",
      "jacobs",
      "monarch",
      "kaffee",
      "kapseln",
      "coffee",
      "capsules",
      "drink"
    ],
    "offerStartDate": "2024-05-15",
    "offerEndDate": "2024-05-15"
  },
  {
    "productHash": "goesser-maerzen",
    "productName": "Gösser Märzen",
    "currentPrice": "€0,69",
    "originalPrice": "€1,39",
    "discount": "50% OFF",
    "unitMeasure": "330 ML",
    "category": "Drinks & Beverages (Getränke)",
    "productUrl": "https://www.spar.at/produktwelt/goesser-maerzen-p5406524",
    "storeName": "SPAR",
    "searchTags": [
      "gösser",
      "märzen",
      "bier",
      "lager",
      "alkohol",
      "beer",
      "austrian beer",
      "drink"
    ],
    "offerStartDate": "2024-05-15",
    "offerEndDate": "2024-05-15"
  },
  {
    "productHash": "campari-bitter",
    "productName": "Campari Bitter",
    "currentPrice": "€14,49",
    "originalPrice": "€18,49",
    "discount": "22% OFF",
    "unitMeasure": "0,7 L",
    "category": "Drinks & Beverages (Getränke)",
    "productUrl": "https://www.spar.at/produktwelt/campari-p2020004132918",
    "storeName": "SPAR",
    "searchTags": [
      "campari",
      "bitter",
      "aperitif",
      "spirituose",
      "alkohol",
      "italienisch",
      "drink"
    ],
    "offerStartDate": "2024-05-15",
    "offerEndDate": "2024-05-15"
  },
  {
    "productHash": "erzherzog-johann-klassik-sauvignon-blanc",
    "productName": "Erzherzog Johann Klassik Sauvignon Blanc",
    "currentPrice": "€6,49",
    "originalPrice": "€7,99",
    "discount": "19% OFF",
    "unitMeasure": "0,75 L",
    "category": "Drinks & Beverages (Getränke)",
    "productUrl": "https://www.spar.at/produktwelt/erzherzog-johann-klassik-sauvignon-blanc-2024-p4736141",
    "storeName": "SPAR",
    "searchTags": [
      "erzherzog johann",
      "klassik",
      "sauvignon blanc",
      "wein",
      "weißwein",
      "österreich",
      "alkohol",
      "wine",
      "austrian wine"
    ],
    "offerStartDate": "2024-05-15",
    "offerEndDate": "2024-05-15"
  },
  {
    "productHash": "roemerquelle-mineralwasser-prickelnd",
    "productName": "Römerquelle Mineralwasser prickelnd",
    "currentPrice": "€0,75",
    "originalPrice": "€0,95",
    "discount": "21% OFF",
    "unitMeasure": "1,5 L",
    "category": "Drinks & Beverages (Getränke)",
    "productUrl": "https://www.spar.at/produktwelt/roemerquelle-mineralwasser-prickelnd-p2020005444386",
    "storeName": "SPAR",
    "searchTags": [
      "römerquelle",
      "mineralwasser",
      "prickelnd",
      "wasser",
      "sprudelnd",
      "getränk",
      "mineral water",
      "sparkling water",
      "drink"
    ],
    "offerStartDate": "2024-05-15",
    "offerEndDate": "2024-05-15"
  },
  {
    "productHash": "almdudler-zuckerfrei",
    "productName": "Almdudler Zuckerfrei",
    "currentPrice": "€1,14",
    "originalPrice": "€2,29",
    "discount": "50% OFF",
    "unitMeasure": "1,5 L",
    "category": "Drinks & Beverages (Getränke)",
    "productUrl": "https://www.spar.at/produktwelt/almdudler-alpenkraeuterlimonade-zuckerfrei-p2020005441828",
    "storeName": "SPAR",
    "searchTags": [
      "almdudler",
      "zuckerfrei",
      "limonade",
      "kräuterlimonade",
      "erfrischungsgetränk",
      "sugar free",
      "herbal lemonade",
      "drink"
    ],
    "offerStartDate": "2024-05-15",
    "offerEndDate": "2024-05-15"
  },
  {
    "productHash": "coca-cola-cherry-1l-pet-flasche",
    "productName": "Coca Cola Cherry 1l PET-Flasche",
    "currentPrice": "€1,99",
    "originalPrice": "€N/A",
    "discount": "N/A",
    "unitMeasure": "1 L",
    "category": "Drinks & Beverages (Getränke)",
    "productUrl": "https://www.spar.at/produktwelt/coca-cola-cherry-p2020005706644",
    "storeName": "SPAR",
    "searchTags": [
      "coca cola",
      "cherry",
      "kirsche",
      "limonade",
      "erfrischungsgetränk",
      "softdrink",
      "coke",
      "cherry coke",
      "drink"
    ],
    "offerStartDate": "2024-05-15",
    "offerEndDate": "2024-05-15"
  },
  {
    "productHash": "scheiblhofer-premium-white",
    "productName": "Scheiblhofer Premium White",
    "currentPrice": "€7,99",
    "originalPrice": "€9,99",
    "discount": "20% OFF",
    "unitMeasure": "0,75 L",
    "category": "Drinks & Beverages (Getränke)",
    "productUrl": "https://www.spar.at/produktwelt/scheiblhofer-premium-white-2024-p2020005741188",
    "storeName": "SPAR",
    "searchTags": [
      "scheiblhofer",
      "premium white",
      "wein",
      "weißwein",
      "österreich",
      "alkohol",
      "wine",
      "white wine",
      "austrian wine"
    ],
    "offerStartDate": "2024-05-15",
    "offerEndDate": "2024-05-15"
  },
  {
    "productHash": "coca-cola-zero-4x0-33l",
    "productName": "Coca Cola Zero 4x0,33l",
    "currentPrice": "€2,68",
    "originalPrice": "€4,89",
    "discount": "45% OFF",
    "unitMeasure": "1,32 L",
    "category": "Drinks & Beverages (Getränke)",
    "productUrl": "https://www.spar.at/produktwelt/coca-cola-zero-4-x-0-33l-p2020005707375",
    "storeName": "SPAR",
    "searchTags": [
      "coca cola",
      "zero",
      "zuckerfrei",
      "limonade",
      "erfrischungsgetränk",
      "softdrink",
      "coke zero",
      "diet coke",
      "multipack"
    ],
    "offerStartDate": "2024-05-15",
    "offerEndDate": "2024-05-15"
  },
  {
    "productHash": "tchibo-cafissimo-caffe-crema-entkoffeiniert-10-kapseln",
    "productName": "Tchibo Cafissimo Caffe Crema entkoffeiniert 10 Kapseln",
    "currentPrice": "€9,99",
    "originalPrice": "€12,99",
    "discount": "23% OFF",
    "unitMeasure": "30 STK",
    "category": "Drinks & Beverages (Getränke)",
    "productUrl": "https://www.spar.at/produktwelt/tchibo-cafissimo-caffe-crema-entkoffeiniert-10-kapseln-p2020004844163",
    "storeName": "SPAR",
    "searchTags": [
      "tchibo",
      "cafissimo",
      "caffè crema",
      "entkoffeiniert",
      "kaffee",
      "kapseln",
      "decaf",
      "coffee",
      "capsules",
      "drink"
    ],
    "offerStartDate": "2024-05-15",
    "offerEndDate": "2024-05-15"
  },
  {
    "productHash": "rauch-eistee-pfirsich",
    "productName": "Rauch Eistee Pfirsich",
    "currentPrice": "€1,19",
    "originalPrice": "€1,79",
    "discount": "34% OFF",
    "unitMeasure": "1 L",
    "category": "Drinks & Beverages (Getränke)",
    "productUrl": "https://www.spar.at/produktwelt/rauch-eistee-pfirsich-p2020005435612",
    "storeName": "SPAR",
    "searchTags": [
      "rauch",
      "eistee",
      "pfirsich",
      "tee",
      "kaltgetränk",
      "ice tea",
      "peach",
      "drink"
    ],
    "offerStartDate": "2024-05-15",
    "offerEndDate": "2024-05-15"
  },
  {
    "productHash": "starbucks-caffe-latte",
    "productName": "Starbucks Caffè Latte",
    "currentPrice": "€1,09",
    "originalPrice": "€2,19",
    "discount": "50% OFF",
    "unitMeasure": "220 ML",
    "category": "Drinks & Beverages (Getränke)",
    "productUrl": "https://www.spar.at/produktwelt/starbucks-caffe-latte-p1422030",
    "storeName": "SPAR",
    "searchTags": [
      "starbucks",
      "caffè latte",
      "kaffee",
      "milchkaffee",
      "fertiggetränk",
      "coffee",
      "latte",
      "iced coffee",
      "drink"
    ],
    "offerStartDate": "2024-05-15",
    "offerEndDate": "2024-05-15"
  },
  {
    "productHash": "tassimo-jacobs-caffe-crema-classico-16-kapseln",
    "productName": "Tassimo Jacobs Caffé Crema Classico 16 Kapseln",
    "currentPrice": "€6,69",
    "originalPrice": "€7,99",
    "discount": "16% OFF",
    "unitMeasure": "16 STK",
    "category": "Drinks & Beverages (Getränke)",
    "productUrl": "https://www.spar.at/produktwelt/tassimo-jacobs-caffe-crema-classico-16-kapseln-p2693699",
    "storeName": "SPAR",
    "searchTags": [
      "tassimo",
      "jacobs",
      "caffè crema",
      "classico",
      "kaffee",
      "kapseln",
      "coffee",
      "classic",
      "capsules",
      "drink"
    ],
    "offerStartDate": "2024-05-15",
    "offerEndDate": "2024-05-15"
  },
  {
    "productHash": "kloster-kitchen-ingwer-shot-classic",
    "productName": "Kloster Kitchen Ingwer Shot Classic",
    "currentPrice": "€1,99",
    "originalPrice": "€2,49",
    "discount": "20% OFF",
    "unitMeasure": "60 ML",
    "category": "Drinks & Beverages (Getränke)",
    "productUrl": "https://www.spar.at/produktwelt/kloster-kitchen-ingwer-shot-classic-p2020003853579",
    "storeName": "SPAR",
    "searchTags": [
      "kloster kitchen",
      "ingwer shot",
      "classic",
      "ingwer",
      "saft",
      "gesundheit",
      "ginger",
      "shot",
      "juice"
    ],
    "offerStartDate": "2024-05-15",
    "offerEndDate": "2024-05-15"
  },
  {
    "productHash": "rauch-happy-day-100-orangensaft-mit-fruchtfleisch",
    "productName": "Rauch Happy Day 100% Orangensaft mit Fruchtfleisch",
    "currentPrice": "€2,32",
    "originalPrice": "€3,49",
    "discount": "34% OFF",
    "unitMeasure": "1 L",
    "category": "Drinks & Beverages (Getränke)",
    "productUrl": "https://www.spar.at/produktwelt/rauch-happy-day-orangensaft-mit-fruchtfleisch-p3759905",
    "storeName": "SPAR",
    "searchTags": [
      "rauch",
      "happy day",
      "100%",
      "orangensaft",
      "fruchtfleisch",
      "saft",
      "getränk",
      "orange juice",
      "juice",
      "drink"
    ],
    "offerStartDate": "2024-05-15",
    "offerEndDate": "2024-05-15"
  },
  {
    "productHash": "nescafe-dolce-gusto-cappuccino-8-8-kapseln",
    "productName": "Nescafé Dolce Gusto Cappuccino 8+8 Kapseln",
    "currentPrice": "€6,49",
    "originalPrice": "€7,49",
    "discount": "13% OFF",
    "unitMeasure": "16 STK",
    "category": "Drinks & Beverages (Getränke)",
    "productUrl": "https://www.spar.at/produktwelt/nescafe-dolce-gusto-kapseln-cappuccino-16-kapseln-8-8-kapseln-p6263263",
    "storeName": "SPAR",
    "searchTags": [
      "nescafé",
      "dolce gusto",
      "cappuccino",
      "kaffee",
      "milchkaffee",
      "kapseln",
      "coffee",
      "milk coffee",
      "capsules",
      "drink"
    ],
    "offerStartDate": "2024-05-15",
    "offerEndDate": "2024-05-15"
  },
  {
    "productHash": "stiegl-goldbraeu-20x0-5l",
    "productName": "Stiegl Goldbräu 20x0,5l",
    "currentPrice": "€15,80",
    "originalPrice": "€27,60",
    "discount": "43% OFF",
    "unitMeasure": "500 ML",
    "category": "Drinks & Beverages (Getränke)",
    "productUrl": "https://www.spar.at/produktwelt/stiegl-goldbraeu-p806947",
    "storeName": "SPAR",
    "searchTags": [
      "stiegl",
      "goldbräu",
      "bier",
      "lager",
      "alkohol",
      "helles",
      "beer",
      "austrian beer",
      "multipack"
    ],
    "offerStartDate": "2024-05-15",
    "offerEndDate": "2024-05-15"
  },
  {
    "productHash": "rauch-happy-day-100-orangensaft-mild",
    "productName": "Rauch Happy Day 100% Orangensaft mild",
    "currentPrice": "€2,32",
    "originalPrice": "€3,49",
    "discount": "34% OFF",
    "unitMeasure": "1 L",
    "category": "Drinks & Beverages (Getränke)",
    "productUrl": "https://www.spar.at/produktwelt/rauch-happy-day-orange-mild-p6623227",
    "storeName": "SPAR",
    "searchTags": [
      "rauch",
      "happy day",
      "orangensaft",
      "saft",
      "orange",
      "mild",
      "juice",
      "drink"
    ],
    "offerStartDate": "2024-05-15",
    "offerEndDate": "2024-05-15"
  },
  {
    "productHash": "starbucks-by-nescafe-dolce-gusto-madagascar-vanille-macchiato-6-6-kapseln",
    "productName": "Starbucks by Nescafe Dolce Gusto Madagascar Vanille Macchiato 6+6 Kapseln",
    "currentPrice": "€6,49",
    "originalPrice": "€6,99",
    "discount": "7% OFF",
    "unitMeasure": "12 STK",
    "category": "Drinks & Beverages (Getränke)",
    "productUrl": "https://www.spar.at/produktwelt/starbucks-by-nescafe-dolce-gusto-kapseln-vanille-macchiato-p2020003871986",
    "storeName": "SPAR",
    "searchTags": [
      "starbucks",
      "nescafe",
      "dolce gusto",
      "madagascar",
      "vanille",
      "macchiato",
      "kaffee",
      "kapseln",
      "coffee",
      "vanilla"
    ],
    "offerStartDate": "2024-05-15",
    "offerEndDate": "2024-05-15"
  },
  {
    "productHash": "all-i-need-organic-white-tea",
    "productName": "all i need Organic White Tea",
    "currentPrice": "€1,19",
    "originalPrice": "€1,69",
    "discount": "30% OFF",
    "unitMeasure": "250 ML",
    "category": "Drinks & Beverages (Getränke)",
    "productUrl": "https://www.spar.at/produktwelt/all-i-need-organic-white-tea-p2020005443242",
    "storeName": "SPAR",
    "searchTags": [
      "all i need",
      "organic",
      "white tea",
      "tee",
      "bio",
      "weiss",
      "drink"
    ],
    "offerStartDate": "2024-05-15",
    "offerEndDate": "2024-05-15"
  },
  {
    "productHash": "nescafe-gold-loskaffee-crema",
    "productName": "Nescafé Gold Löskaffee Crema",
    "currentPrice": "€9,99",
    "originalPrice": "€15,49",
    "discount": "36% OFF",
    "unitMeasure": "200 G",
    "category": "Drinks & Beverages (Getränke)",
    "productUrl": "https://www.spar.at/produktwelt/nescafe-gold-crema-p7497438",
    "storeName": "SPAR",
    "searchTags": [
      "nescafe",
      "gold",
      "loskaffee",
      "crema",
      "kaffee",
      "coffee",
      "instant coffee"
    ],
    "offerStartDate": "2024-05-15",
    "offerEndDate": "2024-05-15"
  },
  {
    "productHash": "coca-cola-zero-zucker-zero-koffein-330ml",
    "productName": "Coca Cola Zero Zucker Zero Koffein 330ml",
    "currentPrice": "€0,67",
    "originalPrice": "€1,35",
    "discount": "50% OFF",
    "unitMeasure": "330 ML",
    "category": "Drinks & Beverages (Getränke)",
    "productUrl": "https://www.spar.at/produktwelt/coca-cola-zero-zucker-zero-koffein-p2020005445727",
    "storeName": "SPAR",
    "searchTags": [
      "coca cola",
      "coke",
      "zero",
      "zuckerfrei",
      "koffeinfrei",
      "softdrink",
      "getraenk",
      "sugar free",
      "caffeine free"
    ],
    "offerStartDate": "2024-05-15",
    "offerEndDate": "2024-05-15"
  },
  {
    "productHash": "twinings-english-breakfast-20x2g",
    "productName": "Twinings English Breakfast 20x2g",
    "currentPrice": "€2,99",
    "originalPrice": "€N/A",
    "discount": "N/A",
    "unitMeasure": "N/A",
    "category": "Drinks & Beverages (Getränke)",
    "productUrl": "https://www.spar.at/produktwelt/twinings-twinings-english-breakfast-english-breakfast-20x2g-p2020005426269",
    "storeName": "SPAR",
    "searchTags": [
      "twinings",
      "english breakfast",
      "tee",
      "tea",
      "breakfast tea",
      "schwarztee",
      "black tea"
    ],
    "offerStartDate": "2024-05-15",
    "offerEndDate": "2024-05-15"
  },
  {
    "productHash": "goesser-maerzen-6x0-5l",
    "productName": "Gösser Märzen 6x0,5l",
    "currentPrice": "€4,44",
    "originalPrice": "€8,64",
    "discount": "49% OFF",
    "unitMeasure": "3.000 ML",
    "category": "Drinks & Beverages (Getränke)",
    "productUrl": "https://www.spar.at/produktwelt/goesser-maerzen-6-x-0-5l-p7944857",
    "storeName": "SPAR",
    "searchTags": [
      "goesser",
      "maerzen",
      "bier",
      "beer",
      "alkohol",
      "getraenk",
      "lager"
    ],
    "offerStartDate": "2024-05-15",
    "offerEndDate": "2024-05-15"
  },
  {
    "productHash": "nescafe-dolce-gusto-latte-macchiato-latte-macchiato-8-8-kapseln",
    "productName": "Nescafé Dolce Gusto Latte Macchiato Latte Macchiato 8+8 Kapseln",
    "currentPrice": "€6,49",
    "originalPrice": "€7,49",
    "discount": "13% OFF",
    "unitMeasure": "16 STK",
    "category": "Drinks & Beverages (Getränke)",
    "productUrl": "https://www.spar.at/produktwelt/nescafe-dolce-gusto-kapseln-latte-macchiato-8-8-kapseln-p6263324",
    "storeName": "SPAR",
    "searchTags": [
      "nescafe",
      "dolce gusto",
      "latte macchiato",
      "kaffee",
      "kapseln",
      "coffee",
      "capsules",
      "milchkaffee"
    ],
    "offerStartDate": "2024-05-15",
    "offerEndDate": "2024-05-15"
  },
  {
    "productHash": "eduscho-wiener-melange-ganze-bohne",
    "productName": "Eduscho Wiener Melange ganze Bohne",
    "currentPrice": "€7,99",
    "originalPrice": "€10,49",
    "discount": "24% OFF",
    "unitMeasure": "500 G",
    "category": "Drinks & Beverages (Getränke)",
    "productUrl": "https://www.spar.at/produktwelt/eduscho-melange-ganze-bohne-p3434260",
    "storeName": "SPAR",
    "searchTags": [
      "eduscho",
      "wiener melange",
      "kaffee",
      "bohne",
      "ganze bohne",
      "coffee beans",
      "whole bean",
      "kaffeebohne"
    ],
    "offerStartDate": "2024-05-15",
    "offerEndDate": "2024-05-15"
  },
  {
    "productHash": "roemerquelle-emotion-marille-holunderbluete",
    "productName": "Römerquelle Emotion Marille Holunderblüte",
    "currentPrice": "€0,69",
    "originalPrice": "€1,39",
    "discount": "50% OFF",
    "unitMeasure": "0,75 L",
    "category": "Drinks & Beverages (Getränke)",
    "productUrl": "https://www.spar.at/produktwelt/roemerquelle-emotion-marille-holunderbluete-p2020005429079",
    "storeName": "SPAR",
    "searchTags": [
      "roemerquelle",
      "emotion",
      "marille",
      "holunderbluete",
      "mineralwasser",
      "flavored water",
      "apricot",
      "elderflower"
    ],
    "offerStartDate": "2024-05-15",
    "offerEndDate": "2024-05-15"
  },
  {
    "productHash": "eristoff-vodka",
    "productName": "Eristoff Vodka",
    "currentPrice": "€10,49",
    "originalPrice": "€13,49",
    "discount": "22% OFF",
    "unitMeasure": "0,7 L",
    "category": "Drinks & Beverages (Getränke)",
    "productUrl": "https://www.spar.at/produktwelt/eristoff-vodka-p6981938",
    "storeName": "SPAR",
    "searchTags": [
      "eristoff",
      "vodka",
      "wodka",
      "spirituose",
      "alkohol",
      "drink",
      "schnaps"
    ],
    "offerStartDate": "2024-05-15",
    "offerEndDate": "2024-05-15"
  },
  {
    "productHash": "hillinger-hill-liter-gruener-veltliner",
    "productName": "Hillinger Hill Liter Grüner Veltliner",
    "currentPrice": "€4,99",
    "originalPrice": "€6,99",
    "discount": "29% OFF",
    "unitMeasure": "1 L",
    "category": "Drinks & Beverages (Getränke)",
    "productUrl": "https://www.spar.at/produktwelt/hillinger-hill-liter-gruener-veltliner-p7396588",
    "storeName": "SPAR",
    "searchTags": [
      "hillinger",
      "hill liter",
      "gruener veltliner",
      "wein",
      "weisswein",
      "oesterreichischer wein",
      "wine",
      "white wine"
    ],
    "offerStartDate": "2024-05-15",
    "offerEndDate": "2024-05-15"
  },
  {
    "productHash": "coca-cola-original-4x0-33l",
    "productName": "Coca Cola Original 4x0,33l",
    "currentPrice": "€2,68",
    "originalPrice": "€4,89",
    "discount": "45% OFF",
    "unitMeasure": "1,32 L",
    "category": "Drinks & Beverages (Getränke)",
    "productUrl": "https://www.spar.at/produktwelt/coca-cola-4-x-0-33l-p2020005707368",
    "storeName": "SPAR",
    "searchTags": [
      "coca cola",
      "coke",
      "original",
      "softdrink",
      "getraenk",
      "erfrischung",
      "fizzy drink"
    ],
    "offerStartDate": "2024-05-15",
    "offerEndDate": "2024-05-15"
  },
  {
    "productHash": "rauch-yippy-multi",
    "productName": "Rauch Yippy Multi",
    "currentPrice": "€0,99",
    "originalPrice": "€1,35",
    "discount": "27% OFF",
    "unitMeasure": "330 ML",
    "category": "Drinks & Beverages (Getränke)",
    "productUrl": "https://www.spar.at/produktwelt/rauch-yippy-multi-p2020005446298",
    "storeName": "SPAR",
    "searchTags": [
      "rauch",
      "yippy",
      "multi",
      "multivitamin",
      "saft",
      "juice",
      "kindergetraenk",
      "childrens drink"
    ],
    "offerStartDate": "2024-05-15",
    "offerEndDate": "2024-05-15"
  },
  {
    "productHash": "coca-cola-zero-zucker-2l-pet-flasche",
    "productName": "Coca Cola Zero Zucker 2l PET-Flasche",
    "currentPrice": "€1,99",
    "originalPrice": "€2,79",
    "discount": "29% OFF",
    "unitMeasure": "2 L",
    "category": "Drinks & Beverages (Getränke)",
    "productUrl": "https://www.spar.at/produktwelt/coca-cola-zero-p2020005434882",
    "storeName": "SPAR",
    "searchTags": [
      "coca cola",
      "coke",
      "zero",
      "zuckerfrei",
      "softdrink",
      "pet flasche",
      "sugar free",
      "large bottle"
    ],
    "offerStartDate": "2024-05-15",
    "offerEndDate": "2024-05-15"
  },
  {
    "productHash": "fanta-orange",
    "productName": "Fanta Orange",
    "currentPrice": "€0,67",
    "originalPrice": "€1,35",
    "discount": "50% OFF",
    "unitMeasure": "330 ML",
    "category": "Drinks & Beverages (Getränke)",
    "productUrl": "https://www.spar.at/produktwelt/fanta-orange-p2020005444348",
    "storeName": "SPAR",
    "searchTags": [
      "fanta",
      "orange",
      "limonade",
      "softdrink",
      "erfrischung",
      "soda",
      "fizzy drink"
    ],
    "offerStartDate": "2024-05-15",
    "offerEndDate": "2024-05-15"
  },
  {
    "productHash": "darbo-fruchtsirup-schwarze-johannisbeere",
    "productName": "Darbo Fruchtsirup Schwarze Johannisbeere",
    "currentPrice": "€6,99",
    "originalPrice": "€N/A",
    "discount": "N/A",
    "unitMeasure": "0,5 L",
    "category": "Drinks & Beverages (Getränke)",
    "productUrl": "https://www.spar.at/produktwelt/darbo-fruchtsirup-schwarze-johannisbeere-p409728",
    "storeName": "SPAR",
    "searchTags": [
      "darbo",
      "fruchtsirup",
      "schwarze johannisbeere",
      "sirup",
      "fruit syrup",
      "blackcurrant",
      "getraenk"
    ],
    "offerStartDate": "2024-05-15",
    "offerEndDate": "2024-05-15"
  },
  {
    "productHash": "huber-markus-gruener-veltliner-traisental-dac-nussdorfer-bio",
    "productName": "Huber Markus Grüner Veltliner Traisental DAC Nussdorfer BIO",
    "currentPrice": "€7,49",
    "originalPrice": "€9,99",
    "discount": "25% OFF",
    "unitMeasure": "0,75 L",
    "category": "Drinks & Beverages (Getränke)",
    "productUrl": "https://www.spar.at/produktwelt/huber-markus-gruener-veltliner-traisental-dac-nussdorfer-bio-2024-p4458159",
    "storeName": "SPAR",
    "searchTags": [
      "huber markus",
      "gruener veltliner",
      "traisental",
      "dac",
      "nussdorfer",
      "bio",
      "wein",
      "weisswein",
      "organic wine"
    ],
    "offerStartDate": "2024-05-15",
    "offerEndDate": "2024-05-15"
  },
  {
    "productHash": "almdudler-original",
    "productName": "Almdudler Original",
    "currentPrice": "€1,14",
    "originalPrice": "€2,29",
    "discount": "50% OFF",
    "unitMeasure": "1,5 L",
    "category": "Drinks & Beverages (Getränke)",
    "productUrl": "https://www.spar.at/produktwelt/almdudler-alpenkraeuterlimonade-original-p2020005439627",
    "storeName": "SPAR",
    "searchTags": [
      "almdudler",
      "original",
      "limonade",
      "kraeuterlimonade",
      "herbal soda",
      "softdrink",
      "erfrischung"
    ],
    "offerStartDate": "2024-05-15",
    "offerEndDate": "2024-05-15"
  },
  {
    "productHash": "darbo-fruchtsirup-sizilianische-zitrone",
    "productName": "Darbo Fruchtsirup sizilianische Zitrone",
    "currentPrice": "€6,99",
    "originalPrice": "€N/A",
    "discount": "N/A",
    "unitMeasure": "0,5 L",
    "category": "Drinks & Beverages (Getränke)",
    "productUrl": "https://www.spar.at/produktwelt/darbo-sizilianische-zitrone-zitrone-p2020002957674",
    "storeName": "SPAR",
    "searchTags": [
      "darbo",
      "fruchtsirup",
      "sizilianische zitrone",
      "sirup",
      "fruit syrup",
      "lemon",
      "zitrone",
      "getraenk"
    ],
    "offerStartDate": "2024-05-15",
    "offerEndDate": "2024-05-15"
  },
  {
    "productHash": "hillinger-hill-liter-zweigelt",
    "productName": "Hillinger Hill Liter Zweigelt",
    "currentPrice": "€4,99",
    "originalPrice": "€6,99",
    "discount": "29% OFF",
    "unitMeasure": "1 L",
    "category": "Drinks & Beverages (Getränke)",
    "productUrl": "https://www.spar.at/produktwelt/hillinger-hill-liter-zweigelt-p7396489",
    "storeName": "SPAR",
    "searchTags": [
      "hillinger",
      "hill liter",
      "zweigelt",
      "wein",
      "rotwein",
      "oesterreichischer wein",
      "wine",
      "red wine"
    ],
    "offerStartDate": "2024-05-15",
    "offerEndDate": "2024-05-15"
  },
  {
    "productHash": "jacobs-caffe-crema-intenso-ganze-bohne",
    "productName": "Jacobs Caffe Crema intenso ganze Bohne",
    "currentPrice": "€19,99",
    "originalPrice": "€26,99",
    "discount": "26% OFF",
    "unitMeasure": "1 KG",
    "category": "Drinks & Beverages (Getränke)",
    "productUrl": "https://www.spar.at/produktwelt/jacobs-caffe-crema-intenso-ganze-bohne-p7492457",
    "storeName": "SPAR",
    "searchTags": [
      "jacobs",
      "caffe crema",
      "intenso",
      "ganze bohne",
      "kaffee",
      "coffee beans",
      "whole bean",
      "intensiver kaffee"
    ],
    "offerStartDate": "2024-05-15",
    "offerEndDate": "2024-05-15"
  },
  {
    "productHash": "bruendlmayer-gruener-veltliner-bio",
    "productName": "Bründlmayer Grüner Veltliner BIO",
    "currentPrice": "€10,99",
    "originalPrice": "€12,49",
    "discount": "12% OFF",
    "unitMeasure": "0,75 L",
    "category": "Drinks & Beverages (Getränke)",
    "productUrl": "https://www.spar.at/produktwelt/bruendlmayer-gruener-veltliner-bio-2024-p3619650",
    "storeName": "SPAR",
    "searchTags": [
      "bruendlmayer",
      "gruener veltliner",
      "bio",
      "wein",
      "weisswein",
      "organic wine",
      "oesterreichischer wein"
    ],
    "offerStartDate": "2024-05-15",
    "offerEndDate": "2024-05-15"
  },
  {
    "productHash": "coca-cola-cherry-330ml-dose",
    "productName": "Coca Cola Cherry 330ml Dose",
    "currentPrice": "€0,67",
    "originalPrice": "€1,35",
    "discount": "50% OFF",
    "unitMeasure": "330 ML",
    "category": "Drinks & Beverages (Getränke)",
    "productUrl": "https://www.spar.at/produktwelt/coca-cola-cherry-p2020005706941",
    "storeName": "SPAR",
    "searchTags": [
      "coca cola",
      "coke",
      "cherry",
      "kirsche",
      "softdrink",
      "dose",
      "can",
      "fizzy drink"
    ],
    "offerStartDate": "2024-05-15",
    "offerEndDate": "2024-05-15"
  },
  {
    "productHash": "eduscho-gala-nr-1-gemahlen",
    "productName": "Eduscho Gala Nr. 1 gemahlen",
    "currentPrice": "€7,99",
    "originalPrice": "€12,49",
    "discount": "36% OFF",
    "unitMeasure": "500 G",
    "category": "Drinks & Beverages (Getränke)",
    "productUrl": "https://www.spar.at/produktwelt/eduscho-gala-nr-1-gemahlen-p7493485",
    "storeName": "SPAR",
    "searchTags": [
      "eduscho",
      "gala nr 1",
      "gemahlen",
      "kaffee",
      "ground coffee",
      "coffee powder"
    ],
    "offerStartDate": "2024-05-15",
    "offerEndDate": "2024-05-15"
  },
  {
    "productHash": "coca-cola-original",
    "productName": "Coca Cola Original",
    "currentPrice": "€1,99",
    "originalPrice": "€N/A",
    "discount": "N/A",
    "unitMeasure": "1 L",
    "category": "Drinks & Beverages (Getränke)",
    "productUrl": "https://www.spar.at/produktwelt/coca-cola-original-p2020005439887",
    "storeName": "SPAR",
    "searchTags": [
      "coca cola",
      "coke",
      "original",
      "softdrink",
      "getraenk",
      "erfrischung",
      "fizzy drink"
    ],
    "offerStartDate": "2024-05-15",
    "offerEndDate": "2024-05-15"
  },
  {
    "productHash": "mionetto-spumante-prestige-collection-doc-rose",
    "productName": "Mionetto Spumante Prestige Collection DOC Rosé",
    "currentPrice": "€6,99",
    "originalPrice": "€13,99",
    "discount": "50% OFF",
    "unitMeasure": "0,75 L",
    "category": "Drinks & Beverages (Getränke)",
    "productUrl": "https://www.spar.at/produktwelt/mionetto-spumante-prestige-collection-doc-rose-p2020001746354",
    "storeName": "SPAR",
    "searchTags": [
      "mionetto",
      "spumante",
      "prosecco",
      "rose",
      "doc",
      "sekt",
      "sparkling wine",
      "rosenwein"
    ],
    "offerStartDate": "2024-05-15",
    "offerEndDate": "2024-05-15"
  },
  {
    "productHash": "eduscho-lungo-cremoso-10-kapseln",
    "productName": "Eduscho Lungo Cremoso 10 Kapseln",
    "currentPrice": "€2,79",
    "originalPrice": "€4,49",
    "discount": "38% OFF",
    "unitMeasure": "10 STK",
    "category": "Drinks & Beverages (Getränke)",
    "productUrl": "https://www.spar.at/produktwelt/eduscho-lungo-cremoso-10-kapseln-p2020002801052",
    "storeName": "SPAR",
    "searchTags": [
      "eduscho",
      "lungo",
      "cremoso",
      "kaffee",
      "kapseln",
      "coffee capsules",
      "cremiger kaffee"
    ],
    "offerStartDate": "2024-05-15",
    "offerEndDate": "2024-05-15"
  },
  {
    "productHash": "roemerquelle-mineralwasser-mild",
    "productName": "Römerquelle Mineralwasser mild",
    "currentPrice": "€0,75",
    "originalPrice": "€0,95",
    "discount": "21% OFF",
    "unitMeasure": "1,5 L",
    "category": "Drinks & Beverages (Getränke)",
    "productUrl": "https://www.spar.at/produktwelt/roemerquelle-mineralwasser-mild-p2020005433380",
    "storeName": "SPAR",
    "searchTags": [
      "roemerquelle",
      "mineralwasser",
      "mild",
      "wasser",
      "mineral water",
      "still water",
      "getraenk"
    ],
    "offerStartDate": "2024-05-15",
    "offerEndDate": "2024-05-15"
  },
  {
    "productHash": "tschida-spaetlese-cuvee",
    "productName": "Tschida Spätlese Cuvée",
    "currentPrice": "€7,99",
    "originalPrice": "€9,99",
    "discount": "20% OFF",
    "unitMeasure": "0,75 L",
    "category": "Drinks & Beverages (Getränke)",
    "productUrl": "https://www.spar.at/produktwelt/tschida-spaetlese-cuvee-2023-p5355013",
    "storeName": "SPAR",
    "searchTags": [
      "tschida",
      "spaetlese",
      "cuvee",
      "wein",
      "dessertwein",
      "suesswein",
      "wine",
      "dessert wine"
    ],
    "offerStartDate": "2024-05-15",
    "offerEndDate": "2024-05-15"
  },
  {
    "productHash": "coca-cola-zero-zucker",
    "productName": "Coca Cola Zero Zucker",
    "currentPrice": "€0,67",
    "originalPrice": "€1,35",
    "discount": "50% OFF",
    "unitMeasure": "330 ML",
    "category": "Drinks & Beverages (Getränke)",
    "productUrl": "https://www.spar.at/produktwelt/coca-cola-zero-p2020005443426",
    "storeName": "SPAR",
    "searchTags": [
      "coca cola",
      "coke",
      "zero",
      "zuckerfrei",
      "softdrink",
      "getraenk",
      "sugar free",
      "erfrischung"
    ],
    "offerStartDate": "2024-05-15",
    "offerEndDate": "2024-05-15"
  },
  {
    "productHash": "darbo-bluetensirup-holunderbluete",
    "productName": "Darbo Blütensirup Holunderblüte",
    "currentPrice": "€6,99",
    "originalPrice": "€N/A",
    "discount": "N/A",
    "unitMeasure": "0,5 L",
    "category": "Drinks & Beverages (Getränke)",
    "productUrl": "https://www.spar.at/produktwelt/darbo-bluetensirup-holunderbluete-p7092916",
    "storeName": "SPAR",
    "searchTags": [
      "darbo",
      "bluetensirup",
      "holunderbluete",
      "sirup",
      "elderflower syrup",
      "getraenk",
      "bluetensirup"
    ],
    "offerStartDate": "2024-05-15",
    "offerEndDate": "2024-05-15"
  },
  {
    "productHash": "jacobs-monarch-gemahlen",
    "productName": "Jacobs Monarch gemahlen",
    "currentPrice": "€9,99",
    "originalPrice": "€12,99",
    "discount": "23% OFF",
    "unitMeasure": "500 G",
    "category": "Drinks & Beverages (Getränke)",
    "productUrl": "https://www.spar.at/produktwelt/jacobs-monarch-gemahlen-p7493843",
    "storeName": "SPAR",
    "searchTags": [
      "jacobs",
      "monarch",
      "gemahlen",
      "kaffee",
      "ground coffee",
      "coffee powder",
      "classic coffee"
    ],
    "offerStartDate": "2024-05-15",
    "offerEndDate": "2024-05-15"
  },
  {
    "productHash": "neckenmarkt-blaufrankisch-classic",
    "productName": "Neckenmarkt Blaufränkisch Classic",
    "currentPrice": "€3,99",
    "originalPrice": "€7,99",
    "discount": "50% OFF",
    "unitMeasure": "0,75 L",
    "category": "Drinks & Beverages (Getränke)",
    "productUrl": "https://www.spar.at/produktwelt/neckenmarkt-blaufraenkisch-classic-2022-p5901197",
    "storeName": "SPAR",
    "searchTags": [
      "neckenmarkt",
      "blaufrankisch",
      "classic",
      "wein",
      "rotwein",
      "oesterreichischer wein",
      "wine",
      "red wine"
    ],
    "offerStartDate": "2024-05-15",
    "offerEndDate": "2024-05-15"
  },
  {
    "productHash": "starbucks-hazelnut-macchiato",
    "productName": "Starbucks Hazelnut Macchiato",
    "currentPrice": "€1,09",
    "originalPrice": "€2,19",
    "discount": "50% OFF",
    "unitMeasure": "220 ML",
    "category": "Drinks & Beverages (Getränke)",
    "productUrl": "https://www.spar.at/produktwelt/starbucks-hazelnut-macchiato-p2020001174911",
    "storeName": "SPAR",
    "searchTags": [
      "starbucks",
      "hazelnut",
      "macchiato",
      "kaffee",
      "nuss",
      "hasselnuss",
      "coffee",
      "hazelnut coffee"
    ],
    "offerStartDate": "2024-05-15",
    "offerEndDate": "2024-05-15"
  },
  {
    "productHash": "capri-sun-multivitamin",
    "productName": "Capri-Sun Multivitamin",
    "currentPrice": "€0,42",
    "originalPrice": "€0,85",
    "discount": "51% OFF",
    "unitMeasure": "200 ML",
    "category": "Drinks & Beverages (Getränke)",
    "productUrl": "https://www.spar.at/produktwelt/capri-sun-multivitamin-p3288672",
    "storeName": "SPAR",
    "searchTags": [
      "capri-sun",
      "multivitamin",
      "saft",
      "juice",
      "kindergetraenk",
      "pouch drink",
      "fruchtsaft"
    ],
    "offerStartDate": "2024-05-15",
    "offerEndDate": "2024-05-15"
  },
  {
    "productHash": "hoellinger-steirischer-apfel-naturtrueb",
    "productName": "Höllinger Steirischer Apfel naturtrüb",
    "currentPrice": "€2,79",
    "originalPrice": "€3,29",
    "discount": "15% OFF",
    "unitMeasure": "1 L",
    "category": "Drinks & Beverages (Getränke)",
    "productUrl": "https://www.spar.at/produktwelt/hoellinger-steirischer-apfel-naturtrueb-p4364474",
    "storeName": "SPAR",
    "searchTags": [
      "hoellinger",
      "steirischer apfel",
      "naturtrueb",
      "apfelsaft",
      "naturtrüb",
      "juice",
      "apple juice",
      "organic apple"
    ],
    "offerStartDate": "2024-05-15",
    "offerEndDate": "2024-05-15"
  },
  {
    "productHash": "teekanne-fruechtegarten-fruechtetee-20-teebeutel",
    "productName": "Teekanne Früchtegarten Früchtetee 20 Teebeutel",
    "currentPrice": "€2,59",
    "originalPrice": "€3,59",
    "discount": "28% OFF",
    "unitMeasure": "N/A",
    "category": "Drinks & Beverages (Getränke)",
    "productUrl": "https://www.spar.at/produktwelt/teekanne-fruechtegarten-fruechteteemischung-fruechtetee-20-teebeutel-p4140986",
    "storeName": "SPAR",
    "searchTags": [
      "teekanne",
      "fruechtegarten",
      "fruechtetee",
      "tee",
      "teebeutel",
      "fruity tea",
      "herbal tea",
      "fruit infusion"
    ],
    "offerStartDate": "2024-05-15",
    "offerEndDate": "2024-05-15"
  },
  {
    "productHash": "franziskaner-weissbier-alkoholfrei",
    "productName": "Franziskaner Weissbier Alkoholfrei",
    "currentPrice": "€0,84",
    "originalPrice": "€1,24",
    "discount": "32% OFF",
    "unitMeasure": "500 ML",
    "category": "Drinks & Beverages (Getränke)",
    "productUrl": "https://www.spar.at/produktwelt/franziskaner-alkoholfrei-p2020001919703",
    "storeName": "SPAR",
    "searchTags": [
      "franziskaner",
      "weissbier",
      "alkoholfrei",
      "bier",
      "wheat beer",
      "non-alcoholic beer",
      "weizenbier"
    ],
    "offerStartDate": "2024-05-15",
    "offerEndDate": "2024-05-15"
  },
  {
    "productHash": "tassimo-jacobs-cafe-au-lait-16-kapseln",
    "productName": "Tassimo Jacobs Cafe au Lait 16 Kapseln",
    "currentPrice": "€6,69",
    "originalPrice": "€7,99",
    "discount": "16% OFF",
    "unitMeasure": "16 STK",
    "category": "Drinks & Beverages (Getränke)",
    "productUrl": "https://www.spar.at/produktwelt/tassimo-jacobs-cafe-au-lait-16-kapseln-p6112073",
    "storeName": "SPAR",
    "searchTags": [
      "tassimo",
      "jacobs",
      "cafe au lait",
      "kaffee",
      "kapseln",
      "coffee capsules",
      "milchkaffee",
      "milk coffee"
    ],
    "offerStartDate": "2024-05-15",
    "offerEndDate": "2024-05-15"
  },
  {
    "productHash": "roemerquelle-emotion-zitrone-kaktus",
    "productName": "Römerquelle Emotion Zitrone Kaktus",
    "currentPrice": "€0,69",
    "originalPrice": "€1,39",
    "discount": "50% OFF",
    "unitMeasure": "0,75 L",
    "category": "Drinks & Beverages (Getränke)",
    "productUrl": "https://www.spar.at/produktwelt/roemerquelle-emotion-zitrone-kaktus-p2020005687257",
    "storeName": "SPAR",
    "searchTags": [
      "roemerquelle",
      "emotion",
      "zitrone",
      "kaktus",
      "mineralwasser",
      "flavored water",
      "lemon",
      "cactus"
    ],
    "offerStartDate": "2024-05-15",
    "offerEndDate": "2024-05-15"
  },
  {
    "productHash": "starbucks-cappuccino",
    "productName": "Starbucks Cappuccino",
    "currentPrice": "€1,09",
    "originalPrice": "€2,19",
    "discount": "50% OFF",
    "unitMeasure": "220 ML",
    "category": "Drinks & Beverages (Getränke)",
    "productUrl": "https://www.spar.at/produktwelt/starbucks-cappuccino-p2020000521129",
    "storeName": "SPAR",
    "searchTags": [
      "starbucks",
      "cappuccino",
      "kaffee",
      "coffee",
      "milchkaffee",
      "coffee drink"
    ],
    "offerStartDate": "2024-05-15",
    "offerEndDate": "2024-05-15"
  },
  {
    "productHash": "teekanne-fruechtegarten-fruechteteemischung-winterzauber-20-teebeutel",
    "productName": "Teekanne Früchtegarten Früchteteemischung Winterzauber 20 Teebeutel",
    "currentPrice": "€2,59",
    "originalPrice": "€3,59",
    "discount": "28% OFF",
    "unitMeasure": "N/A",
    "category": "Drinks & Beverages (Getränke)",
    "productUrl": "https://www.spar.at/produktwelt/teekanne-fruechtegarten-fruechteteemischung-winterzauber-20-teebeutel-p4142218",
    "storeName": "SPAR",
    "searchTags": [
      "teekanne",
      "fruechtegarten",
      "fruechtetee",
      "winterzauber",
      "tee",
      "teebeutel",
      "winter tea",
      "fruit tea"
    ],
    "offerStartDate": "2024-05-15",
    "offerEndDate": "2024-05-15"
  },
  {
    "productHash": "roemerquelle-emotion-zitrone-limette",
    "productName": "Römerquelle Emotion Zitrone Limette",
    "currentPrice": "€0,69",
    "originalPrice": "€1,39",
    "discount": "50% OFF",
    "unitMeasure": "0,75 L",
    "category": "Drinks & Beverages (Getränke)",
    "productUrl": "https://www.spar.at/produktwelt/roemerquelle-emotion-zitrone-limette-p2020005432123",
    "storeName": "SPAR",
    "searchTags": [
      "roemerquelle",
      "emotion",
      "zitrone",
      "limette",
      "mineralwasser",
      "flavored water",
      "lemon",
      "lime"
    ],
    "offerStartDate": "2024-05-15",
    "offerEndDate": "2024-05-15"
  },
  {
    "productHash": "goesser-naturradler-zitrone",
    "productName": "Gösser Naturradler Zitrone",
    "currentPrice": "€0,99",
    "originalPrice": "€1,59",
    "discount": "38% OFF",
    "unitMeasure": "500 ML",
    "category": "Drinks & Beverages (Getränke)",
    "productUrl": "https://www.spar.at/produktwelt/goesser-naturradler-zitrone-p2020005436237",
    "storeName": "SPAR",
    "searchTags": [
      "goesser",
      "naturradler",
      "zitrone",
      "radler",
      "bier",
      "lemon radler",
      "beer mix",
      "lemon beer"
    ],
    "offerStartDate": "2024-05-15",
    "offerEndDate": "2024-05-15"
  },
  {
    "productHash": "stiegl-stieglitz-orangenlimonade-6x0-33l",
    "productName": "Stiegl Stieglitz Orangenlimonade 6x0,33l",
    "currentPrice": "€5,94",
    "originalPrice": "€N/A",
    "discount": "N/A",
    "unitMeasure": "1,98 L",
    "category": "Drinks & Beverages (Getränke)",
    "productUrl": "https://www.spar.at/produktwelt/stiegl-stieglitz-orangenlimonade-p2020005306387",
    "storeName": "SPAR",
    "searchTags": [
      "stiegl",
      "stieglitz",
      "orangenlimonade",
      "limonade",
      "orange soda",
      "softdrink",
      "orange drink"
    ],
    "offerStartDate": "2024-05-15",
    "offerEndDate": "2024-05-15"
  },
  {
    "productHash": "stiegl-hell-20x0-5l",
    "productName": "Stiegl Hell 20x0,5l",
    "currentPrice": "€15,80",
    "originalPrice": "€27,60",
    "discount": "43% OFF",
    "unitMeasure": "500 ML",
    "category": "Drinks & Beverages (Getränke)",
    "productUrl": "https://www.spar.at/produktwelt/stiegl-hell-p2020003298615",
    "storeName": "SPAR",
    "searchTags": [
      "stiegl",
      "hell",
      "bier",
      "lager",
      "beer",
      "alkohol",
      "helles bier"
    ],
    "offerStartDate": "2024-05-15",
    "offerEndDate": "2024-05-15"
  },
  {
    "productHash": "henkell-sekt-halbtrocken",
    "productName": "Henkell Sekt Halbtrocken",
    "currentPrice": "€1,99",
    "originalPrice": "€2,49",
    "discount": "20% OFF",
    "unitMeasure": "200 ML",
    "category": "Drinks & Beverages (Getränke)",
    "productUrl": "https://www.spar.at/produktwelt/henkell-sekt-halbtrocken-p5373222",
    "storeName": "SPAR",
    "searchTags": [
      "henkell",
      "sekt",
      "halbtrocken",
      "sparkling wine",
      "dry sparkling wine",
      "schampus",
      "prickelnd"
    ],
    "offerStartDate": "2024-05-15",
    "offerEndDate": "2024-05-15"
  },
  {
    "productHash": "rauch-bravo-ace-multivit",
    "productName": "Rauch Bravo ACE Multivit",
    "currentPrice": "€1,49",
    "originalPrice": "€1,99",
    "discount": "25% OFF",
    "unitMeasure": "1,5 L",
    "category": "Drinks & Beverages (Getränke)",
    "productUrl": "https://www.spar.at/produktwelt/rauch-bravo-ace-multivit-p2020005432246",
    "storeName": "SPAR",
    "searchTags": [
      "rauch",
      "bravo",
      "ace",
      "multivit",
      "multivitamin",
      "saft",
      "juice",
      "fruchtsaft"
    ],
    "offerStartDate": "2024-05-15",
    "offerEndDate": "2024-05-15"
  },
  {
    "productHash": "rauch-happy-day-orangensaft",
    "productName": "Rauch Happy Day Orangensaft",
    "currentPrice": "€2,32",
    "originalPrice": "€3,49",
    "discount": "34% OFF",
    "unitMeasure": "1 L",
    "category": "Drinks & Beverages (Getränke)",
    "productUrl": "https://www.spar.at/produktwelt/rauch-happy-day-orangensaft-p237048",
    "storeName": "SPAR",
    "searchTags": [
      "rauch",
      "happy day",
      "orangensaft",
      "saft",
      "orange",
      "juice",
      "fruchtsaft",
      "drink"
    ],
    "offerStartDate": "2024-05-15",
    "offerEndDate": "2024-05-15"
  },
  {
    "productHash": "teekanne-fruechtegarten-fruechteteemischung-huettenzauber-20-teebeutel",
    "productName": "Teekanne Früchtegarten Früchteteemischung Hüttenzauber 20 Teebeutel",
    "currentPrice": "€2,59",
    "originalPrice": "€3,59",
    "discount": "28% OFF",
    "unitMeasure": "N/A",
    "category": "Drinks & Beverages (Getränke)",
    "productUrl": "https://www.spar.at/produktwelt/teekanne-fruechtegarten-fruechteteemischung-huettenzauber-20-teebeutel-p4536192",
    "storeName": "SPAR",
    "searchTags": [
      "teekanne",
      "fruechtegarten",
      "fruechtetee",
      "huettenzauber",
      "tee",
      "teebeutel",
      "fruit tea",
      "alpine tea"
    ],
    "offerStartDate": "2024-05-15",
    "offerEndDate": "2024-05-15"
  },
  {
    "productHash": "allacher-cuvee-heideboden",
    "productName": "Allacher Cuvée Heideboden",
    "currentPrice": "€5,99",
    "originalPrice": "€11,99",
    "discount": "50% OFF",
    "unitMeasure": "0,75 L",
    "category": "Drinks & Beverages (Getränke)",
    "productUrl": "https://www.spar.at/produktwelt/allacher-cuvee-heideboden-2023-p2020003691706",
    "storeName": "SPAR",
    "searchTags": [
      "allacher",
      "cuvee",
      "heideboden",
      "wein",
      "rotwein",
      "oesterreichischer wein",
      "wine",
      "red wine"
    ],
    "offerStartDate": "2024-05-15",
    "offerEndDate": "2024-05-15"
  },
  {
    "productHash": "porta-leone-prosecco-spumante-rose-doc",
    "productName": "Porta Leone Prosecco Spumante Rose DOC",
    "currentPrice": "€5,99",
    "originalPrice": "€11,99",
    "discount": "50% OFF",
    "unitMeasure": "0,75 L",
    "category": "Drinks & Beverages (Getränke)",
    "productUrl": "https://www.spar.at/produktwelt/porta-leone-prosecco-spumante-rose-doc-p2020003654282",
    "storeName": "SPAR",
    "searchTags": [
      "porta leone",
      "prosecco",
      "spumante",
      "rose",
      "doc",
      "sekt",
      "sparkling wine",
      "rosenwein"
    ],
    "offerStartDate": "2024-05-15",
    "offerEndDate": "2024-05-15"
  },
  {
    "productHash": "darbo-fruchtsirup-himbeer",
    "productName": "Darbo Fruchtsirup Himbeer",
    "currentPrice": "€6,99",
    "originalPrice": "€N/A",
    "discount": "N/A",
    "unitMeasure": "0,5 L",
    "category": "Drinks & Beverages (Getränke)",
    "productUrl": "https://www.spar.at/produktwelt/darbo-fruchtsirup-himbeer-p409995",
    "storeName": "SPAR",
    "searchTags": [
      "darbo",
      "fruchtsirup",
      "himbeer",
      "sirup",
      "fruit syrup",
      "raspberry",
      "getraenk"
    ],
    "offerStartDate": "2024-05-15",
    "offerEndDate": "2024-05-15"
  },
  {
    "productHash": "capri-sun-mystic-dragon",
    "productName": "Capri-Sun Mystic Dragon",
    "currentPrice": "€0,42",
    "originalPrice": "€0,85",
    "discount": "51% OFF",
    "unitMeasure": "200 ML",
    "category": "Drinks & Beverages (Getränke)",
    "productUrl": "https://www.spar.at/produktwelt/capri-sun-mystic-dragon-p2020005625518",
    "storeName": "SPAR",
    "searchTags": [
      "capri-sun",
      "mystic dragon",
      "saft",
      "juice",
      "kindergetraenk",
      "pouch drink",
      "exotisch"
    ],
    "offerStartDate": "2024-05-15",
    "offerEndDate": "2024-05-15"
  },
  {
    "productHash": "cafe-royal-caramel-10-kapseln",
    "productName": "Café Royal Caramel 10 Kapseln",
    "currentPrice": "€3,49",
    "originalPrice": "€4,49",
    "discount": "22% OFF",
    "unitMeasure": "10 STK",
    "category": "Drinks & Beverages (Getränke)",
    "productUrl": "https://www.spar.at/produktwelt/cafe-royal-caramel-10-kapseln-p5008254",
    "storeName": "SPAR",
    "searchTags": [
      "cafe royal",
      "caramel",
      "kaffee",
      "kapseln",
      "coffee capsules",
      "karamellkaffee",
      "flavored coffee"
    ],
    "offerStartDate": "2024-05-15",
    "offerEndDate": "2024-05-15"
  },
  {
    "productHash": "faustino-i-rioja-gran-reserva",
    "productName": "Faustino I Rioja Gran Reserva",
    "currentPrice": "€15,99",
    "originalPrice": "€17,99",
    "discount": "11% OFF",
    "unitMeasure": "0,75 L",
    "category": "Drinks & Beverages (Getränke)",
    "productUrl": "https://www.spar.at/produktwelt/faustino-i-rioja-gran-reserva-2016-p8183484",
    "storeName": "SPAR",
    "searchTags": [
      "faustino i",
      "rioja",
      "gran reserva",
      "wein",
      "rotwein",
      "spanischer wein",
      "wine",
      "red wine"
    ],
    "offerStartDate": "2024-05-15",
    "offerEndDate": "2024-05-15"
  },
  {
    "productHash": "tassimo-morning-cafe-21-kapseln",
    "productName": "Tassimo Morning Café 21 Kapseln",
    "currentPrice": "€6,69",
    "originalPrice": "€7,99",
    "discount": "16% OFF",
    "unitMeasure": "21 STK",
    "category": "Drinks & Beverages (Getränke)",
    "productUrl": "https://www.spar.at/produktwelt/tassimo-morning-cafe-21-kapseln-p2020003109744",
    "storeName": "SPAR",
    "searchTags": [
      "tassimo",
      "morning cafe",
      "kaffee",
      "kapseln",
      "coffee capsules",
      "fruehstueckskaffee",
      "morning coffee"
    ],
    "offerStartDate": "2024-05-15",
    "offerEndDate": "2024-05-15"
  },
  {
    "productHash": "fanta-orange-orange-6x0-33l",
    "productName": "Fanta Orange Orange 6x0,33l",
    "currentPrice": "€4,02",
    "originalPrice": "€6,99",
    "discount": "42% OFF",
    "unitMeasure": "1,98 L",
    "category": "Drinks & Beverages (Getränke)",
    "productUrl": "https://www.spar.at/produktwelt/fanta-orange-p2020005716612",
    "storeName": "SPAR",
    "searchTags": [
      "fanta",
      "orange",
      "limonade",
      "softdrink",
      "getraenk",
      "orange soda",
      "erfrischung"
    ],
    "offerStartDate": "2024-05-15",
    "offerEndDate": "2024-05-15"
  },
  {
    "productHash": "sprite-zitrone-limette",
    "productName": "Sprite Zitrone- Limette",
    "currentPrice": "€0,67",
    "originalPrice": "€1,35",
    "discount": "50% OFF",
    "unitMeasure": "330 ML",
    "category": "Drinks & Beverages (Getränke)",
    "productUrl": "https://www.spar.at/produktwelt/sprite-zitrone-limette-p2020005429949",
    "storeName": "SPAR",
    "searchTags": [
      "sprite",
      "zitrone",
      "limette",
      "limonade",
      "softdrink",
      "lemon-lime",
      "erfrischung"
    ],
    "offerStartDate": "2024-05-15",
    "offerEndDate": "2024-05-15"
  },
  {
    "productHash": "henkell-sekt-rose",
    "productName": "Henkell Sekt Rosé",
    "currentPrice": "€1,99",
    "originalPrice": "€2,49",
    "discount": "20% OFF",
    "unitMeasure": "200 ML",
    "category": "Drinks & Beverages (Getränke)",
    "productUrl": "https://www.spar.at/produktwelt/henkell-sekt-rose-p2020002864668",
    "storeName": "SPAR",
    "searchTags": [
      "henkell",
      "sekt",
      "rose",
      "sparkling wine",
      "rosenwein",
      "prickelnd",
      "feiern"
    ],
    "offerStartDate": "2024-05-15",
    "offerEndDate": "2024-05-15"
  },
  {
    "productHash": "capri-sun-orange",
    "productName": "Capri-Sun Orange",
    "currentPrice": "€0,42",
    "originalPrice": "€0,85",
    "discount": "51% OFF",
    "unitMeasure": "200 ML",
    "category": "Drinks & Beverages (Getränke)",
    "productUrl": "https://www.spar.at/produktwelt/capri-sun-orange-p3288689",
    "storeName": "SPAR",
    "searchTags": [
      "capri-sun",
      "orange",
      "saft",
      "juice",
      "kindergetraenk",
      "pouch drink",
      "orangensaft"
    ],
    "offerStartDate": "2024-05-15",
    "offerEndDate": "2024-05-15"
  },
  {
    "productHash": "mezzo-mix-cola-orange",
    "productName": "Mezzo Mix Cola-Orange",
    "currentPrice": "€1,99",
    "originalPrice": "€N/A",
    "discount": "N/A",
    "unitMeasure": "1 L",
    "category": "Drinks & Beverages (Getränke)",
    "productUrl": "https://www.spar.at/produktwelt/mezzo-mix-cola-kuesst-orange-p2020005706446",
    "storeName": "SPAR",
    "searchTags": [
      "mezzo mix",
      "cola-orange",
      "cola",
      "orange",
      "limonade",
      "softdrink",
      "mischgetraenk",
      "mix drink"
    ],
    "offerStartDate": "2024-05-15",
    "offerEndDate": "2024-05-15"
  },
  {
    "productHash": "tchibo-barista-caffe-crema-ganze-bohne",
    "productName": "Tchibo Barista Caffé Crema ganze Bohne",
    "currentPrice": "€18,99",
    "originalPrice": "€26,99",
    "discount": "30% OFF",
    "unitMeasure": "1 KG",
    "category": "Drinks & Beverages (Getränke)",
    "productUrl": "https://www.spar.at/produktwelt/tchibo-barista-caffe-crema-ganze-bohne-p5501014",
    "storeName": "SPAR",
    "searchTags": [
      "tchibo",
      "barista",
      "caffe crema",
      "ganze bohne",
      "kaffee",
      "coffee beans",
      "whole bean",
      "cremiger kaffee"
    ],
    "offerStartDate": "2024-05-15",
    "offerEndDate": "2024-05-15"
  },
  {
    "productHash": "stiegl-goldbraeu-goldbraeu-6x0-5l",
    "productName": "Stiegl Goldbräu Goldbräu 6x0,5l",
    "currentPrice": "€4,74",
    "originalPrice": "€8,28",
    "discount": "43% OFF",
    "unitMeasure": "3.000 ML",
    "category": "Drinks & Beverages (Getränke)",
    "productUrl": "https://www.spar.at/produktwelt/stiegl-goldbraeu-6-x-0-5l-p7945175",
    "storeName": "SPAR",
    "searchTags": [
      "stiegl",
      "goldbraeu",
      "bier",
      "beer",
      "lager",
      "goldenes bier",
      "alkohol"
    ],
    "offerStartDate": "2024-05-15",
    "offerEndDate": "2024-05-15"
  },
  {
    "productHash": "jacobs-monarch-mild-gemahlen",
    "productName": "Jacobs Monarch mild gemahlen",
    "currentPrice": "€9,99",
    "originalPrice": "€12,99",
    "discount": "23% OFF",
    "unitMeasure": "500 G",
    "category": "Drinks & Beverages (Getränke)",
    "productUrl": "https://www.spar.at/produktwelt/jacobs-monarch-mild-gemahlen-p5142125",
    "storeName": "SPAR",
    "searchTags": [
      "jacobs",
      "monarch",
      "mild",
      "gemahlen",
      "kaffee",
      "ground coffee",
      "mild coffee",
      "coffee powder"
    ],
    "offerStartDate": "2024-05-15",
    "offerEndDate": "2024-05-15"
  },
  {
    "productHash": "starbucks-no-added-sugar-laktosefrei",
    "productName": "Starbucks No Added Sugar laktosefrei",
    "currentPrice": "€1,09",
    "originalPrice": "€2,19",
    "discount": "50% OFF",
    "unitMeasure": "220 ML",
    "category": "Drinks & Beverages (Getränke)",
    "productUrl": "https://www.spar.at/produktwelt/starbucks-no-added-sugar-laktosefrei-p2020001806331",
    "storeName": "SPAR",
    "searchTags": [
      "starbucks",
      "no added sugar",
      "laktosefrei",
      "zuckerfrei",
      "milchkaffee",
      "lactose free",
      "sugar free",
      "kaffee"
    ],
    "offerStartDate": "2024-05-15",
    "offerEndDate": "2024-05-15"
  },
  {
    "productHash": "cafe-royal-espresso-forte-10-kapseln",
    "productName": "Café Royal Espresso Forte 10 Kapseln",
    "currentPrice": "€3,49",
    "originalPrice": "€3,99",
    "discount": "13% OFF",
    "unitMeasure": "10 STK",
    "category": "Drinks & Beverages (Getränke)",
    "productUrl": "https://www.spar.at/produktwelt/cafe-royal-espresso-forte-10-kapseln-p5019816",
    "storeName": "SPAR",
    "searchTags": [
      "cafe royal",
      "espresso forte",
      "espresso",
      "kaffee",
      "kapseln",
      "coffee capsules",
      "strong espresso"
    ],
    "offerStartDate": "2024-05-15",
    "offerEndDate": "2024-05-15"
  },
  {
    "productHash": "rauch-yippy-party-white-grape",
    "productName": "Rauch Yippy Party White Grape",
    "currentPrice": "€2,99",
    "originalPrice": "€3,49",
    "discount": "14% OFF",
    "unitMeasure": "0,75 L",
    "category": "Drinks & Beverages (Getränke)",
    "productUrl": "https://www.spar.at/produktwelt/rauch-yippy-party-white-grape-p6398439",
    "storeName": "SPAR",
    "searchTags": [
      "rauch",
      "yippy",
      "party",
      "white grape",
      "weintraube",
      "saft",
      "juice",
      "kindergetraenk"
    ],
    "offerStartDate": "2024-05-15",
    "offerEndDate": "2024-05-15"
  },
  {
    "productHash": "tassimo-coffee-shop-selections-toffee-nut-latte-8-kapseln",
    "productName": "Tassimo Coffee Shop Selections Toffee Nut Latte 8 Kapseln",
    "currentPrice": "€6,69",
    "originalPrice": "€7,99",
    "discount": "16% OFF",
    "unitMeasure": "8 STK",
    "category": "Drinks & Beverages (Getränke)",
    "productUrl": "https://www.spar.at/produktwelt/tassimo-coffee-shop-selections-toffee-nut-latte-8-kapseln-p2020003081569",
    "storeName": "SPAR",
    "searchTags": [
      "tassimo",
      "coffee shop selections",
      "toffee nut latte",
      "kaffee",
      "kapseln",
      "coffee capsules",
      "toffee",
      "nuss"
    ],
    "offerStartDate": "2024-05-15",
    "offerEndDate": "2024-05-15"
  },
  {
    "productHash": "mezzo-mix-cola-orangenlimonade",
    "productName": "Mezzo Mix Cola-Orangenlimonade",
    "currentPrice": "€0,67",
    "originalPrice": "€1,35",
    "discount": "50% OFF",
    "unitMeasure": "330 ML",
    "category": "Drinks & Beverages (Getränke)",
    "productUrl": "https://www.spar.at/produktwelt/mezzo-mix-cola-orangenlimonade-p2020005428997",
    "storeName": "SPAR",
    "searchTags": [
      "mezzo mix",
      "cola-orangenlimonade",
      "cola",
      "orange",
      "limonade",
      "softdrink",
      "mischgetraenk",
      "mix drink"
    ],
    "offerStartDate": "2024-05-15",
    "offerEndDate": "2024-05-15"
  },
  {
    "productHash": "eduscho-gala-nr-1-ganze-bohne",
    "productName": "Eduscho Gala Nr. 1 ganze Bohne",
    "currentPrice": "€7,99",
    "originalPrice": "€12,49",
    "discount": "36% OFF",
    "unitMeasure": "500 G",
    "category": "Drinks & Beverages (Getränke)",
    "productUrl": "https://www.spar.at/produktwelt/eduscho-gala-nr-1-ganze-bohne-p7495502",
    "storeName": "SPAR",
    "searchTags": [
      "eduscho",
      "gala nr 1",
      "ganze bohne",
      "kaffee",
      "coffee beans",
      "whole bean",
      "classic coffee"
    ],
    "offerStartDate": "2024-05-15",
    "offerEndDate": "2024-05-15"
  },
  {
    "productHash": "tassimo-jacobs-latte-macchiato-classico-8-kapseln",
    "productName": "Tassimo Jacobs Latte Macchiato Classico 8 Kapseln",
    "currentPrice": "€6,69",
    "originalPrice": "€7,99",
    "discount": "16% OFF",
    "unitMeasure": "8 STK",
    "category": "Drinks & Beverages (Getränke)",
    "productUrl": "https://www.spar.at/produktwelt/tassimo-jacobs-latte-macchiato-classico-8-kapseln-p6039745",
    "storeName": "SPAR",
    "searchTags": [
      "tassimo",
      "jacobs",
      "latte macchiato",
      "classico",
      "kaffee",
      "kapseln",
      "coffee capsules",
      "milchkaffee"
    ],
    "offerStartDate": "2024-05-15",
    "offerEndDate": "2024-05-15"
  },
  {
    "productHash": "cafe-royal-espresso-10-kapseln",
    "productName": "Café Royal Espresso 10 Kapseln",
    "currentPrice": "€3,49",
    "originalPrice": "€3,99",
    "discount": "13% OFF",
    "unitMeasure": "10 STK",
    "category": "Drinks & Beverages (Getränke)",
    "productUrl": "https://www.spar.at/produktwelt/cafe-royal-espresso-10-kapseln-p7498176",
    "storeName": "SPAR",
    "searchTags": [
      "cafe royal",
      "espresso",
      "kaffee",
      "kapseln",
      "coffee capsules",
      "italian coffee"
    ],
    "offerStartDate": "2024-05-15",
    "offerEndDate": "2024-05-15"
  },
  {
    "productHash": "cafe-royal-decaffeinato-espresso",
    "productName": "Café Royal Decaffeinato Espresso",
    "currentPrice": "€3,49",
    "originalPrice": "€3,99",
    "discount": "13% OFF",
    "unitMeasure": "10 STK",
    "category": "Drinks & Beverages (Getränke)",
    "productUrl": "https://www.spar.at/produktwelt/cafe-royal-decaffeinato-espresso-p5020690",
    "storeName": "SPAR",
    "searchTags": [
      "cafe royal",
      "decaffeinato",
      "espresso",
      "kaffee",
      "koffeinfrei",
      "entkoffeiniert",
      "decaf espresso"
    ],
    "offerStartDate": "2024-05-15",
    "offerEndDate": "2024-05-15"
  },
  {
    "productHash": "goesser-naturradler-zitrone-0-0-alkoholfrei",
    "productName": "Gösser Naturradler Zitrone 0,0% Alkoholfrei",
    "currentPrice": "€0,69",
    "originalPrice": "€1,39",
    "discount": "50% OFF",
    "unitMeasure": "330 ML",
    "category": "Drinks & Beverages (Getränke)",
    "productUrl": "https://www.spar.at/produktwelt/goesser-radler-alkoholfrei-zitrone-p2020002840679",
    "storeName": "SPAR",
    "searchTags": [
      "goesser",
      "naturradler",
      "zitrone",
      "alkoholfrei",
      "radler",
      "bier",
      "lemon radler",
      "non-alcoholic beer"
    ],
    "offerStartDate": "2024-05-15",
    "offerEndDate": "2024-05-15"
  },
  {
    "productHash": "keringer-st-laurent-commander",
    "productName": "Keringer St. Laurent Commander",
    "currentPrice": "€9,99",
    "originalPrice": "€12,49",
    "discount": "20% OFF",
    "unitMeasure": "0,75 L",
    "category": "Drinks & Beverages (Getränke)",
    "productUrl": "https://www.spar.at/produktwelt/keringer-st-laurent-commander-2022-p2020002286224",
    "storeName": "SPAR",
    "searchTags": [
      "keringer",
      "st laurent",
      "commander",
      "wein",
      "rotwein",
      "oesterreichischer wein",
      "wine",
      "red wine"
    ],
    "offerStartDate": "2024-05-15",
    "offerEndDate": "2024-05-15"
  },
  {
    "productHash": "puntigamer-das-bierige-bier-6x0-5l",
    "productName": "Puntigamer Das \"bierige\" Bier 6x0,5l",
    "currentPrice": "€4,74",
    "originalPrice": "€8,58",
    "discount": "45% OFF",
    "unitMeasure": "3.000 ML",
    "category": "Drinks & Beverages (Getränke)",
    "productUrl": "https://www.spar.at/produktwelt/puntigamer-das-bierige-bier-6x0-5l-p2020005842885",
    "storeName": "SPAR",
    "searchTags": [
      "puntigamer",
      "bier",
      "beer",
      "lager",
      "oesterreichisches bier",
      "getraenk"
    ],
    "offerStartDate": "2024-05-15",
    "offerEndDate": "2024-05-15"
  },
  {
    "productHash": "coca-cola-original",
    "productName": "Coca Cola Original",
    "currentPrice": "€1,99",
    "originalPrice": "€2,79",
    "discount": "29% OFF",
    "unitMeasure": "2 L",
    "category": "Drinks & Beverages (Getränke)",
    "productUrl": "https://www.spar.at/produktwelt/coca-cola-original-p2020005444423",
    "storeName": "SPAR",
    "searchTags": [
      "coca cola",
      "coke",
      "original",
      "softdrink",
      "getraenk",
      "erfrischung",
      "fizzy drink"
    ],
    "offerStartDate": "2024-05-15",
    "offerEndDate": "2024-05-15"
  },
  {
    "productHash": "nescafe-dolce-gusto-lungo-16-kapseln",
    "productName": "Nescafé Dolce Gusto Lungo 16 Kapseln",
    "currentPrice": "€6,49",
    "originalPrice": "€7,49",
    "discount": "13% OFF",
    "unitMeasure": "16 STK",
    "category": "Drinks & Beverages (Getränke)",
    "productUrl": "https://www.spar.at/produktwelt/nescafe-dolce-gusto-kapseln-lungo-16-kapseln-p6263348",
    "storeName": "SPAR",
    "searchTags": [
      "nescafe",
      "dolce gusto",
      "lungo",
      "kaffee",
      "kapseln",
      "coffee capsules",
      "langer kaffee"
    ],
    "offerStartDate": "2024-05-15",
    "offerEndDate": "2024-05-15"
  },
  {
    "productHash": "teekanne-fruechtegarten-fruechteteemischung-beerenzauber-20-teebeutel",
    "productName": "Teekanne Früchtegarten Früchteteemischung Beerenzauber 20 Teebeutel",
    "currentPrice": "€2,59",
    "originalPrice": "€3,59",
    "discount": "28% OFF",
    "unitMeasure": "N/A",
    "category": "Drinks & Beverages (Getränke)",
    "productUrl": "https://www.spar.at/produktwelt/teekanne-fruechtegarten-fruechteteemischung-beerenzauber-20-teebeutel-p3242889",
    "storeName": "SPAR",
    "searchTags": [
      "teekanne",
      "fruechtegarten",
      "fruechtetee",
      "beerenzauber",
      "tee",
      "teebeutel",
      "fruit tea",
      "berry tea"
    ],
    "offerStartDate": "2024-05-15",
    "offerEndDate": "2024-05-15"
  },
  {
    "productHash": "eristoff-red-sloeberry-flavours-vodka",
    "productName": "Eristoff Red Sloeberry Flavours & Vodka",
    "currentPrice": "€10,49",
    "originalPrice": "€13,49",
    "discount": "22% OFF",
    "unitMeasure": "0,7 L",
    "category": "Drinks & Beverages (Getränke)",
    "productUrl": "https://www.spar.at/produktwelt/eristoff-red-flavoured-vodka-p6984939",
    "storeName": "SPAR",
    "searchTags": [
      "eristoff",
      "red",
      "sloeberry",
      "vodka",
      "wodka",
      "spirituose",
      "flavored vodka",
      "schlehe"
    ],
    "offerStartDate": "2024-05-15",
    "offerEndDate": "2024-05-15"
  },
  {
    "productHash": "rauch-yippy-pfirsich",
    "productName": "Rauch Yippy Pfirsich",
    "currentPrice": "€0,99",
    "originalPrice": "€1,35",
    "discount": "27% OFF",
    "unitMeasure": "330 ML",
    "category": "Drinks & Beverages (Getränke)",
    "productUrl": "https://www.spar.at/produktwelt/rauch-yippy-pfirsich-p2020005438231",
    "storeName": "SPAR",
    "searchTags": [
      "rauch",
      "yippy",
      "pfirsich",
      "saft",
      "juice",
      "kindergetraenk",
      "peach juice",
      "fruchtsaft"
    ],
    "offerStartDate": "2024-05-15",
    "offerEndDate": "2024-05-15"
  },
  {
    "productHash": "coca-cola-light",
    "productName": "Coca Cola Light",
    "currentPrice": "€1,99",
    "originalPrice": "€N/A",
    "discount": "N/A",
    "unitMeasure": "1 L",
    "category": "Drinks & Beverages (Getränke)",
    "productUrl": "https://www.spar.at/produktwelt/coca-cola-cola-light-p2020005442603",
    "storeName": "SPAR",
    "searchTags": [
      "coca cola",
      "coke",
      "light",
      "softdrink",
      "zuckerfrei",
      "light drink",
      "erfrischung"
    ],
    "offerStartDate": "2024-05-15",
    "offerEndDate": "2024-05-15"
  },
  {
    "productHash": "freixenet-carta-rose-dry",
    "productName": "Freixenet Carta Rosé Dry",
    "currentPrice": "€4,99",
    "originalPrice": "€9,99",
    "discount": "50% OFF",
    "unitMeasure": "0,75 L",
    "category": "Drinks & Beverages (Getränke)",
    "productUrl": "https://www.spar.at/produktwelt/freixenet-carta-rose-dry-p2020002883553",
    "storeName": "SPAR",
    "searchTags": [
      "freixenet",
      "carta rose",
      "dry",
      "sekt",
      "sparkling wine",
      "rose",
      "trocken"
    ],
    "offerStartDate": "2024-05-15",
    "offerEndDate": "2024-05-15"
  },
  {
    "productHash": "rauch-yippy-party-cherry",
    "productName": "Rauch Yippy Party Cherry",
    "currentPrice": "€2,99",
    "originalPrice": "€3,49",
    "discount": "14% OFF",
    "unitMeasure": "0,75 L",
    "category": "Drinks & Beverages (Getränke)",
    "productUrl": "https://www.spar.at/produktwelt/rauch-yippy-party-cherry-p6398309",
    "storeName": "SPAR",
    "searchTags": [
      "rauch",
      "yippy",
      "party",
      "cherry",
      "kirsche",
      "saft",
      "juice",
      "kindergetraenk"
    ],
    "offerStartDate": "2024-05-15",
    "offerEndDate": "2024-05-15"
  },
  {
    "productHash": "tassimo-milka-8-kapseln",
    "productName": "Tassimo Milka 8 Kapseln",
    "currentPrice": "€6,69",
    "originalPrice": "€7,99",
    "discount": "16% OFF",
    "unitMeasure": "8 STK",
    "category": "Drinks & Beverages (Getränke)",
    "productUrl": "https://www.spar.at/produktwelt/tassimo-milka-8-kapseln-p6108830",
    "storeName": "SPAR",
    "searchTags": [
      "tassimo",
      "milka",
      "kakao",
      "kapseln",
      "heissgetraenk",
      "chocolate drink",
      "hot chocolate",
      "cacao"
    ],
    "offerStartDate": "2024-05-15",
    "offerEndDate": "2024-05-15"
  },
  {
    "productHash": "capri-sun-monster-alarm",
    "productName": "Capri-Sun Monster Alarm",
    "currentPrice": "€0,42",
    "originalPrice": "€0,85",
    "discount": "51% OFF",
    "unitMeasure": "200 ML",
    "category": "Drinks & Beverages (Getränke)",
    "productUrl": "https://www.spar.at/produktwelt/capri-sun-monster-alarm-p3809532",
    "storeName": "SPAR",
    "searchTags": [
      "capri-sun",
      "monster alarm",
      "saft",
      "juice",
      "kindergetraenk",
      "pouch drink",
      "fruchtsaft"
    ],
    "offerStartDate": "2024-05-15",
    "offerEndDate": "2024-05-15"
  },
  {
    "productHash": "schloss-fels-blauer-zweigelt",
    "productName": "Schloss Fels Blauer Zweigelt",
    "currentPrice": "€5,32",
    "originalPrice": "€7,99",
    "discount": "33% OFF",
    "unitMeasure": "0,75 L",
    "category": "Drinks & Beverages (Getränke)",
    "productUrl": "https://www.spar.at/produktwelt/schloss-fels-blauer-zweigelt-2022-p2020004951472",
    "storeName": "SPAR",
    "searchTags": [
      "schloss fels",
      "blauer zweigelt",
      "zweigelt",
      "wein",
      "rotwein",
      "oesterreichischer wein",
      "wine",
      "red wine"
    ],
    "offerStartDate": "2024-05-15",
    "offerEndDate": "2024-05-15"
  },
  {
    "productHash": "teekanne-fruechtegarten-fruechteteemischung-love-20-teebeutel",
    "productName": "Teekanne Früchtegarten Früchteteemischung Love 20 Teebeutel",
    "currentPrice": "€2,59",
    "originalPrice": "€3,59",
    "discount": "28% OFF",
    "unitMeasure": "N/A",
    "category": "Drinks & Beverages (Getränke)",
    "productUrl": "https://www.spar.at/produktwelt/teekanne-fruechtegarten-fruechteteemischung-love-20-teebeutel-p2020001934560",
    "storeName": "SPAR",
    "searchTags": [
      "teekanne",
      "fruechtegarten",
      "fruechtetee",
      "love",
      "tee",
      "teebeutel",
      "fruit tea",
      "love tea"
    ],
    "offerStartDate": "2024-05-15",
    "offerEndDate": "2024-05-15"
  },
  {
    "productHash": "rauch-yippy-erdbeere",
    "productName": "Rauch Yippy Erdbeere",
    "currentPrice": "€0,99",
    "originalPrice": "€1,35",
    "discount": "27% OFF",
    "unitMeasure": "330 ML",
    "category": "Drinks & Beverages (Getränke)",
    "productUrl": "https://www.spar.at/produktwelt/rauch-yippy-erdbeere-p2020005436152",
    "storeName": "SPAR",
    "searchTags": [
      "rauch",
      "yippy",
      "erdbeere",
      "saft",
      "juice",
      "kindergetraenk",
      "strawberry juice",
      "fruchtsaft"
    ],
    "offerStartDate": "2024-05-15",
    "offerEndDate": "2024-05-15"
  },
  {
    "productHash": "goesser-helles",
    "productName": "Gösser Helles",
    "currentPrice": "€0,69",
    "originalPrice": "€1,39",
    "discount": "50% OFF",
    "unitMeasure": "330 ML",
    "category": "Drinks & Beverages (Getränke)",
    "productUrl": "https://www.spar.at/produktwelt/goesser-helles-12x0-33l-p2020004777898",
    "storeName": "SPAR",
    "searchTags": [
      "goesser",
      "helles",
      "bier",
      "beer",
      "lager",
      "helles bier",
      "alkohol"
    ],
    "offerStartDate": "2024-05-15",
    "offerEndDate": "2024-05-15"
  },
  {
    "productHash": "don-simon-sangria-garcia",
    "productName": "Don Simon Sangria Garcia",
    "currentPrice": "€1,99",
    "originalPrice": "€2,99",
    "discount": "33% OFF",
    "unitMeasure": "1,5 L",
    "category": "Drinks & Beverages (Getränke)",
    "productUrl": "https://www.spar.at/produktwelt/don-simon-sangria-garcia-p6798796",
    "storeName": "SPAR",
    "searchTags": [
      "don simon",
      "sangria",
      "garcia",
      "weinmischgetraenk",
      "fruchtwein",
      "spanisches getraenk",
      "wine cocktail"
    ],
    "offerStartDate": "2024-05-15",
    "offerEndDate": "2024-05-15"
  },
  {
    "productHash": "achs-paul-heideboden-reserve-rot-bio",
    "productName": "Achs Paul Heideboden Reserve Rot BIO",
    "currentPrice": "€9,99",
    "originalPrice": "€11,99",
    "discount": "17% OFF",
    "unitMeasure": "0,75 L",
    "category": "Drinks & Beverages (Getränke)",
    "productUrl": "https://www.spar.at/produktwelt/achs-paul-heideboden-reserve-rot-bio-2023-p2020004767011",
    "storeName": "SPAR",
    "searchTags": [
      "achs paul",
      "heideboden",
      "reserve",
      "rot",
      "bio",
      "wein",
      "rotwein",
      "organic wine"
    ],
    "offerStartDate": "2024-05-15",
    "offerEndDate": "2024-05-15"
  },
  {
    "productHash": "spezi-cola-mix-orange",
    "productName": "Spezi Cola-Mix Orange",
    "currentPrice": "€1,14",
    "originalPrice": "€2,29",
    "discount": "50% OFF",
    "unitMeasure": "1,5 L",
    "category": "Drinks & Beverages (Getränke)",
    "productUrl": "https://www.spar.at/produktwelt/spezi-cola-mix-orange-p2020005444782",
    "storeName": "SPAR",
    "searchTags": [
      "spezi",
      "cola-mix",
      "orange",
      "cola",
      "limonade",
      "softdrink",
      "mischgetraenk",
      "mix drink"
    ],
    "offerStartDate": "2024-05-15",
    "offerEndDate": "2024-05-15"
  },
  {
    "productHash": "tchibo-cafissimo-caffe-crema-mild-30-kapseln",
    "productName": "Tchibo Cafissimo Caffe Crema Mild 30 Kapseln",
    "currentPrice": "€9,99",
    "originalPrice": "€12,99",
    "discount": "23% OFF",
    "unitMeasure": "30 STK",
    "category": "Drinks & Beverages (Getränke)",
    "productUrl": "https://www.spar.at/produktwelt/tchibo-cafissimo-caffe-crema-mild-30-kapseln-p2020002517113",
    "storeName": "SPAR",
    "searchTags": [
      "tchibo",
      "cafissimo",
      "caffe crema",
      "mild",
      "kaffee",
      "kapseln",
      "coffee capsules",
      "mild coffee"
    ],
    "offerStartDate": "2024-05-15",
    "offerEndDate": "2024-05-15"
  },
  {
    "productHash": "goesser-maerzen",
    "productName": "Gösser Märzen",
    "currentPrice": "€0,99",
    "originalPrice": "€1,59",
    "discount": "38% OFF",
    "unitMeasure": "500 ML",
    "category": "Drinks & Beverages (Getränke)",
    "productUrl": "https://www.spar.at/produktwelt/goesser-maerzen-p2020005521117",
    "storeName": "SPAR",
    "searchTags": [
      "goesser",
      "maerzen",
      "bier",
      "beer",
      "lager",
      "oesterreichisches bier",
      "alkohol"
    ],
    "offerStartDate": "2024-05-15",
    "offerEndDate": "2024-05-15"
  },
  {
    "productHash": "cafe-royal-lungo-forte-10-kapseln",
    "productName": "Café Royal Lungo Forte 10 Kapseln",
    "currentPrice": "€3,49",
    "originalPrice": "€3,99",
    "discount": "13% OFF",
    "unitMeasure": "10 STK",
    "category": "Drinks & Beverages (Getränke)",
    "productUrl": "https://www.spar.at/produktwelt/cafe-royal-lungo-forte-10-kapseln-p5020355",
    "storeName": "SPAR",
    "searchTags": [
      "cafe royal",
      "lungo forte",
      "lungo",
      "kaffee",
      "kapseln",
      "coffee capsules",
      "strong lungo"
    ],
    "offerStartDate": "2024-05-15",
    "offerEndDate": "2024-05-15"
  },
  {
    "productHash": "tassimo-jacobs-caffe-crema-intenso-xl-16-kapseln",
    "productName": "Tassimo Jacobs Caffé Crema Intenso XL 16 Kapseln",
    "currentPrice": "€6,69",
    "originalPrice": "€7,99",
    "discount": "16% OFF",
    "unitMeasure": "16 STK",
    "category": "Drinks & Beverages (Getränke)",
    "productUrl": "https://www.spar.at/produktwelt/tassimo-jacobs-caffe-crema-intenso-xl-16-kapseln-p2020001533343",
    "storeName": "SPAR",
    "searchTags": [
      "tassimo",
      "jacobs",
      "caffe crema",
      "intenso xl",
      "kaffee",
      "kapseln",
      "coffee capsules",
      "extra large coffee"
    ],
    "offerStartDate": "2024-05-15",
    "offerEndDate": "2024-05-15"
  },
  {
    "productHash": "artner-zweigelt-carnuntum-dac",
    "productName": "Artner Zweigelt Carnuntum DAC",
    "currentPrice": "€9,99",
    "originalPrice": "€N/A",
    "discount": "N/A",
    "unitMeasure": "0,75 L",
    "category": "Drinks & Beverages (Getränke)",
    "productUrl": "https://www.spar.at/produktwelt/artner-zweigelt-carnuntum-dac-2023-p6054960",
    "storeName": "SPAR",
    "searchTags": [
      "artner",
      "zweigelt",
      "carnuntum",
      "dac",
      "wein",
      "rotwein",
      "oesterreichischer wein",
      "wine",
      "red wine"
    ],
    "offerStartDate": "2024-05-15",
    "offerEndDate": "2024-05-15"
  },
  {
    "productHash": "rauch-bravo-orange-mango",
    "productName": "Rauch Bravo Orange Mango",
    "currentPrice": "€1,49",
    "originalPrice": "€1,99",
    "discount": "25% OFF",
    "unitMeasure": "1,5 L",
    "category": "Drinks & Beverages (Getränke)",
    "productUrl": "https://www.spar.at/produktwelt/rauch-bravo-orange-mango-p2020005430440",
    "storeName": "SPAR",
    "searchTags": [
      "rauch",
      "bravo",
      "orange",
      "mango",
      "juice",
      "drink",
      "fruchtsaft",
      "beverage",
      "fruit juice"
    ],
    "offerStartDate": "2024-07-30",
    "offerEndDate": "2024-07-30"
  },
  {
    "productHash": "tassimo-jacobs-cappuccino-classico-8-kapseln",
    "productName": "Tassimo Jacobs Cappuccino Classico 8 Kapseln",
    "currentPrice": "€6,69",
    "originalPrice": "€7,99",
    "discount": "16% OFF",
    "unitMeasure": "8 STK",
    "category": "Drinks & Beverages (Getränke)",
    "productUrl": "https://www.spar.at/produktwelt/tassimo-jacobs-cappuccino-classico-8-kapseln-p7108525",
    "storeName": "SPAR",
    "searchTags": [
      "tassimo",
      "jacobs",
      "cappuccino",
      "classico",
      "coffee",
      "kaffee",
      "kapseln",
      "capsules",
      "drink",
      "beverage"
    ],
    "offerStartDate": "2024-07-30",
    "offerEndDate": "2024-07-30"
  },
  {
    "productHash": "bacardi-carta-blanca-rum",
    "productName": "Bacardi Carta Blanca Rum",
    "currentPrice": "€13,99",
    "originalPrice": "€17,99",
    "discount": "22% OFF",
    "unitMeasure": "0,7 L",
    "category": "Drinks & Beverages (Getränke)",
    "productUrl": "https://www.spar.at/produktwelt/bacardi-carta-blanca-p7687358",
    "storeName": "SPAR",
    "searchTags": [
      "bacardi",
      "carta blanca",
      "rum",
      "alcohol",
      "spirituose",
      "drink",
      "beverage",
      "cocktail"
    ],
    "offerStartDate": "2024-07-30",
    "offerEndDate": "2024-07-30"
  },
  {
    "productHash": "julius-meinl-jubilaeum-ganze-bohne",
    "productName": "Julius Meinl Jubiläum ganze Bohne",
    "currentPrice": "€8,24",
    "originalPrice": "€16,49",
    "discount": "50% OFF",
    "unitMeasure": "500 G",
    "category": "Drinks & Beverages (Getränke)",
    "productUrl": "https://www.spar.at/produktwelt/julius-meinl-jubilaeum-ganze-bohne-p3548226",
    "storeName": "SPAR",
    "searchTags": [
      "julius meinl",
      "jubiläum",
      "kaffee",
      "coffee",
      "whole bean",
      "ganze bohne",
      "drink",
      "beverage",
      "espresso"
    ],
    "offerStartDate": "2024-07-30",
    "offerEndDate": "2024-07-30"
  },
  {
    "productHash": "teekanne-fruechtegarten-fruechteteemischung-pfirsich-maracuja-20-teebeutel",
    "productName": "Teekanne Früchtegarten Früchteteemischung Pfirsich-Maracuja 20 Teebeutel",
    "currentPrice": "€2,59",
    "originalPrice": "€3,59",
    "discount": "28% OFF",
    "unitMeasure": "N/A",
    "category": "Drinks & Beverages (Getränke)",
    "productUrl": "https://www.spar.at/produktwelt/teekanne-fruechtegarten-fruechteteemischung-pfirsich-maracuja-20-teebeutel-p2020002584603",
    "storeName": "SPAR",
    "searchTags": [
      "teekanne",
      "früchtetee",
      "fruit tea",
      "pfirsich",
      "maracuja",
      "tea",
      "teebeutel",
      "beverage",
      "drink"
    ],
    "offerStartDate": "2024-07-30",
    "offerEndDate": "2024-07-30"
  },
  {
    "productHash": "julius-meinl-jubilaeum-gemahlen",
    "productName": "Julius Meinl Jubiläum gemahlen",
    "currentPrice": "€8,24",
    "originalPrice": "€16,49",
    "discount": "50% OFF",
    "unitMeasure": "500 G",
    "category": "Drinks & Beverages (Getränke)",
    "productUrl": "https://www.spar.at/produktwelt/julius-meinl-jubilaeum-gemahlen-p7500190",
    "storeName": "SPAR",
    "searchTags": [
      "julius meinl",
      "jubiläum",
      "kaffee",
      "coffee",
      "ground",
      "gemahlen",
      "drink",
      "beverage",
      "espresso"
    ],
    "offerStartDate": "2024-07-30",
    "offerEndDate": "2024-07-30"
  },
  {
    "productHash": "mionetto-prosecco-prestige-collection-doc-treviso-vegan",
    "productName": "Mionetto Prosecco Prestige Collection DOC Treviso vegan",
    "currentPrice": "€6,99",
    "originalPrice": "€13,99",
    "discount": "50% OFF",
    "unitMeasure": "0,75 L",
    "category": "Drinks & Beverages (Getränke)",
    "productUrl": "https://www.spar.at/produktwelt/mionetto-prosecco-prestige-collection-doc-treviso-vegan-p4764465",
    "storeName": "SPAR",
    "searchTags": [
      "mionetto",
      "prosecco",
      "sparkling wine",
      "sekt",
      "treviso",
      "vegan",
      "wine",
      "wein",
      "drink",
      "beverage"
    ],
    "offerStartDate": "2024-07-30",
    "offerEndDate": "2024-07-30"
  },
  {
    "productHash": "tchibo-cafissimo-espresso-elegant-30-kapseln",
    "productName": "Tchibo Cafissimo Espresso elegant 30 Kapseln",
    "currentPrice": "€9,99",
    "originalPrice": "€12,99",
    "discount": "23% OFF",
    "unitMeasure": "30 STK",
    "category": "Drinks & Beverages (Getränke)",
    "productUrl": "https://www.spar.at/produktwelt/tchibo-cafissimo-p2020004538956",
    "storeName": "SPAR",
    "searchTags": [
      "tchibo",
      "cafissimo",
      "espresso",
      "elegant",
      "coffee",
      "kaffee",
      "kapseln",
      "capsules",
      "drink",
      "beverage"
    ],
    "offerStartDate": "2024-07-30",
    "offerEndDate": "2024-07-30"
  },
  {
    "productHash": "roemerquelle-emotion-ananas-zitrone",
    "productName": "Römerquelle Emotion Ananas Zitrone",
    "currentPrice": "€0,69",
    "originalPrice": "€1,39",
    "discount": "50% OFF",
    "unitMeasure": "0,75 L",
    "category": "Drinks & Beverages (Getränke)",
    "productUrl": "https://www.spar.at/produktwelt/roemerquelle-emotion-ananas-zitrone-p2020005429086",
    "storeName": "SPAR",
    "searchTags": [
      "römerquelle",
      "emotion",
      "ananas",
      "zitrone",
      "pineapple",
      "lemon",
      "water",
      "wasser",
      "flavored water",
      "drink"
    ],
    "offerStartDate": "2024-07-30",
    "offerEndDate": "2024-07-30"
  },
  {
    "productHash": "stiegl-stieglitz-cola-orangenlimonade-6x0-33l",
    "productName": "Stiegl Stieglitz Cola-Orangenlimonade 6x0,33l",
    "currentPrice": "€5,94",
    "originalPrice": "€N/A",
    "discount": "N/A",
    "unitMeasure": "1,98 L",
    "category": "Drinks & Beverages (Getränke)",
    "productUrl": "https://www.spar.at/produktwelt/stiegl-stieglitz-cola-orangenlimonade-p2020005306448",
    "storeName": "SPAR",
    "searchTags": [
      "stiegl",
      "stieglitz",
      "cola",
      "orange",
      "limonade",
      "soft drink",
      "lemonade",
      "drink",
      "beverage"
    ],
    "offerStartDate": "2024-07-30",
    "offerEndDate": "2024-07-30"
  },
  {
    "productHash": "nescafe-dolce-gusto-nesquik-16-kapseln",
    "productName": "Nescafé Dolce Gusto Nesquik 16 Kapseln",
    "currentPrice": "€6,49",
    "originalPrice": "€7,49",
    "discount": "13% OFF",
    "unitMeasure": "16 STK",
    "category": "Drinks & Beverages (Getränke)",
    "productUrl": "https://www.spar.at/produktwelt/nescafe-dolce-gusto-kapseln-nesquik-kakao-16-stueck-p7875427",
    "storeName": "SPAR",
    "searchTags": [
      "nescafe",
      "dolce gusto",
      "nesquik",
      "chocolate drink",
      "kapseln",
      "capsules",
      "kakao",
      "drink",
      "beverage"
    ],
    "offerStartDate": "2024-07-30",
    "offerEndDate": "2024-07-30"
  },
  {
    "productHash": "jacobs-monarch-ganze-bohne",
    "productName": "Jacobs Monarch ganze Bohne",
    "currentPrice": "€9,99",
    "originalPrice": "€12,99",
    "discount": "23% OFF",
    "unitMeasure": "500 G",
    "category": "Drinks & Beverages (Getränke)",
    "productUrl": "https://www.spar.at/produktwelt/jacobs-monarch-ganze-bohne-p5664191",
    "storeName": "SPAR",
    "searchTags": [
      "jacobs",
      "monarch",
      "kaffee",
      "coffee",
      "whole bean",
      "ganze bohne",
      "drink",
      "beverage",
      "espresso"
    ],
    "offerStartDate": "2024-07-30",
    "offerEndDate": "2024-07-30"
  },
  {
    "productHash": "hillinger-hill-liter-zweigelt-lieblich",
    "productName": "Hillinger Hill Liter Zweigelt lieblich",
    "currentPrice": "€4,99",
    "originalPrice": "€6,99",
    "discount": "29% OFF",
    "unitMeasure": "1 L",
    "category": "Drinks & Beverages (Getränke)",
    "productUrl": "https://www.spar.at/produktwelt/hillinger-hill-liter-zweigelt-lieblich-p7951688",
    "storeName": "SPAR",
    "searchTags": [
      "hillinger",
      "zweigelt",
      "wine",
      "wein",
      "red wine",
      "rotwein",
      "lieblich",
      "sweet",
      "drink",
      "beverage"
    ],
    "offerStartDate": "2024-07-30",
    "offerEndDate": "2024-07-30"
  },
  {
    "productHash": "tchibo-cafissimo-caffe-crema-vollmundig-30-kapseln",
    "productName": "Tchibo Cafissimo Caffe Crema vollmundig 30 Kapseln",
    "currentPrice": "€9,99",
    "originalPrice": "€12,99",
    "discount": "23% OFF",
    "unitMeasure": "30 STK",
    "category": "Drinks & Beverages (Getränke)",
    "productUrl": "https://www.spar.at/produktwelt/tchibo-cafissimo-caffe-crema-vollmundig-30-kapseln-p2020002516970",
    "storeName": "SPAR",
    "searchTags": [
      "tchibo",
      "cafissimo",
      "caffe crema",
      "vollmundig",
      "coffee",
      "kaffee",
      "kapseln",
      "capsules",
      "drink",
      "beverage"
    ],
    "offerStartDate": "2024-07-30",
    "offerEndDate": "2024-07-30"
  },
  {
    "productHash": "coca-cola-original-330ml-dose",
    "productName": "Coca Cola Original 330ml Dose",
    "currentPrice": "€0,67",
    "originalPrice": "€1,35",
    "discount": "50% OFF",
    "unitMeasure": "330 ML",
    "category": "Drinks & Beverages (Getränke)",
    "productUrl": "https://www.spar.at/produktwelt/coca-cola-original-p2020005443488",
    "storeName": "SPAR",
    "searchTags": [
      "coca cola",
      "cola",
      "original",
      "soft drink",
      "dose",
      "can",
      "drink",
      "beverage"
    ],
    "offerStartDate": "2024-07-30",
    "offerEndDate": "2024-07-30"
  },
  {
    "productHash": "true-fruits-smoothie-triple-yellow",
    "productName": "true fruits smoothie triple yellow",
    "currentPrice": "€2,79",
    "originalPrice": "€4,49",
    "discount": "38% OFF",
    "unitMeasure": "0,75 L",
    "category": "Drinks & Beverages (Getränke)",
    "productUrl": "https://www.spar.at/produktwelt/true-fruits-smoothie-triple-yellow-p2020001692033",
    "storeName": "SPAR",
    "searchTags": [
      "true fruits",
      "smoothie",
      "triple yellow",
      "fruit drink",
      "drink",
      "beverage",
      "saft"
    ],
    "offerStartDate": "2024-07-30",
    "offerEndDate": "2024-07-30"
  },
  {
    "productHash": "erzherzog-johann-klassik-weissburgunder",
    "productName": "Erzherzog Johann Klassik Weißburgunder",
    "currentPrice": "€6,49",
    "originalPrice": "€7,99",
    "discount": "19% OFF",
    "unitMeasure": "0,75 L",
    "category": "Drinks & Beverages (Getränke)",
    "productUrl": "https://www.spar.at/produktwelt/erzherzog-johann-klassik-weissburgunder-2023-p3093764",
    "storeName": "SPAR",
    "searchTags": [
      "erzherzog johann",
      "klassik",
      "weißburgunder",
      "pinot blanc",
      "white wine",
      "weisswein",
      "wine",
      "wein",
      "drink",
      "beverage"
    ],
    "offerStartDate": "2024-07-30",
    "offerEndDate": "2024-07-30"
  },
  {
    "productHash": "henkell-sekt-trocken",
    "productName": "Henkell Sekt Trocken",
    "currentPrice": "€1,99",
    "originalPrice": "€2,49",
    "discount": "20% OFF",
    "unitMeasure": "200 ML",
    "category": "Drinks & Beverages (Getränke)",
    "productUrl": "https://www.spar.at/produktwelt/henkell-sekt-trocken-p355179",
    "storeName": "SPAR",
    "searchTags": [
      "henkell",
      "sekt",
      "trocken",
      "dry",
      "sparkling wine",
      "frizzante",
      "wine",
      "wein",
      "drink",
      "beverage"
    ],
    "offerStartDate": "2024-07-30",
    "offerEndDate": "2024-07-30"
  },
  {
    "productHash": "coca-cola-light",
    "productName": "Coca Cola Light",
    "currentPrice": "€1,99",
    "originalPrice": "€2,79",
    "discount": "29% OFF",
    "unitMeasure": "2 L",
    "category": "Drinks & Beverages (Getränke)",
    "productUrl": "https://www.spar.at/produktwelt/coca-cola-light-p2020005434844",
    "storeName": "SPAR",
    "searchTags": [
      "coca cola",
      "cola",
      "light",
      "diet",
      "soft drink",
      "drink",
      "beverage",
      "sugar free",
      "zuckerfrei"
    ],
    "offerStartDate": "2024-07-30",
    "offerEndDate": "2024-07-30"
  },
  {
    "productHash": "coca-cola-vanilla-330ml-dose",
    "productName": "Coca Cola Vanilla 330ml Dose",
    "currentPrice": "€0,67",
    "originalPrice": "€1,35",
    "discount": "50% OFF",
    "unitMeasure": "330 ML",
    "category": "Drinks & Beverages (Getränke)",
    "productUrl": "https://www.spar.at/produktwelt/coca-cola-vanilla-p2020005432024",
    "storeName": "SPAR",
    "searchTags": [
      "coca cola",
      "cola",
      "vanilla",
      "soft drink",
      "dose",
      "can",
      "drink",
      "beverage"
    ],
    "offerStartDate": "2024-07-30",
    "offerEndDate": "2024-07-30"
  },
  {
    "productHash": "roemerquelle-emotion-lemongrass",
    "productName": "Römerquelle Emotion Lemongrass",
    "currentPrice": "€0,69",
    "originalPrice": "€1,39",
    "discount": "50% OFF",
    "unitMeasure": "0,75 L",
    "category": "Drinks & Beverages (Getränke)",
    "productUrl": "https://www.spar.at/produktwelt/roemerquelle-emotion-lemongrass-p2020005429109",
    "storeName": "SPAR",
    "searchTags": [
      "römerquelle",
      "emotion",
      "lemongrass",
      "water",
      "wasser",
      "flavored water",
      "drink",
      "beverage"
    ],
    "offerStartDate": "2024-07-30",
    "offerEndDate": "2024-07-30"
  },
  {
    "productHash": "nescafe-dolce-gusto-dallmayr-prodomo-16-kapseln",
    "productName": "Nescafé Dolce Gusto Dallmayr Prodomo 16 Kapseln",
    "currentPrice": "€6,49",
    "originalPrice": "€7,49",
    "discount": "13% OFF",
    "unitMeasure": "16 STK",
    "category": "Drinks & Beverages (Getränke)",
    "productUrl": "https://www.spar.at/produktwelt/nescafe-dolce-gusto-kapseln-dallmayr-prodomo-16-kapseln-p7997976",
    "storeName": "SPAR",
    "searchTags": [
      "nescafe",
      "dolce gusto",
      "dallmayr",
      "prodomo",
      "coffee",
      "kaffee",
      "kapseln",
      "capsules",
      "drink",
      "beverage"
    ],
    "offerStartDate": "2024-07-30",
    "offerEndDate": "2024-07-30"
  },
  {
    "productHash": "coca-cola-zero-zucker-zero-koffein",
    "productName": "Coca Cola Zero Zucker Zero Koffein",
    "currentPrice": "€1,99",
    "originalPrice": "€N/A",
    "discount": "N/A",
    "unitMeasure": "1 L",
    "category": "Drinks & Beverages (Getränke)",
    "productUrl": "https://www.spar.at/produktwelt/coca-cola-zero-zucker-zero-koffein-p2020005431836",
    "storeName": "SPAR",
    "searchTags": [
      "coca cola",
      "cola",
      "zero",
      "zuckerfrei",
      "koffein",
      "caffeine free",
      "sugar free",
      "soft drink",
      "drink",
      "beverage"
    ],
    "offerStartDate": "2024-07-30",
    "offerEndDate": "2024-07-30"
  },
  {
    "productHash": "jacobs-caffe-crema-classico-ganze-bohne",
    "productName": "Jacobs Caffe Crema classico ganze Bohne",
    "currentPrice": "€19,99",
    "originalPrice": "€26,99",
    "discount": "26% OFF",
    "unitMeasure": "1 KG",
    "category": "Drinks & Beverages (Getränke)",
    "productUrl": "https://www.spar.at/produktwelt/jacobs-caffe-crema-classico-ganze-bohne-p7495656",
    "storeName": "SPAR",
    "searchTags": [
      "jacobs",
      "caffe crema",
      "classico",
      "coffee",
      "kaffee",
      "whole bean",
      "ganze bohne",
      "drink",
      "beverage"
    ],
    "offerStartDate": "2024-07-30",
    "offerEndDate": "2024-07-30"
  },
  {
    "productHash": "bacardi-razz-rum-mit-himbeeraroma",
    "productName": "Bacardi Razz Rum mit Himbeeraroma",
    "currentPrice": "€13,99",
    "originalPrice": "€17,99",
    "discount": "22% OFF",
    "unitMeasure": "0,7 L",
    "category": "Drinks & Beverages (Getränke)",
    "productUrl": "https://www.spar.at/produktwelt/bacardi-razz-p5616770",
    "storeName": "SPAR",
    "searchTags": [
      "bacardi",
      "razz",
      "rum",
      "himbeeraroma",
      "raspberry flavor",
      "alcohol",
      "spirituose",
      "drink",
      "beverage",
      "cocktail"
    ],
    "offerStartDate": "2024-07-30",
    "offerEndDate": "2024-07-30"
  },
  {
    "productHash": "hakuma-passion-peach",
    "productName": "Hakuma Passion Peach",
    "currentPrice": "€1,06",
    "originalPrice": "€1,59",
    "discount": "33% OFF",
    "unitMeasure": "235 ML",
    "category": "Drinks & Beverages (Getränke)",
    "productUrl": "https://www.spar.at/produktwelt/hakuma-passion-peach-p2020004307866",
    "storeName": "SPAR",
    "searchTags": [
      "hakuma",
      "passion peach",
      "iced tea",
      "tee",
      "drink",
      "beverage",
      "fruit tea",
      "pfirsich",
      "maracuja"
    ],
    "offerStartDate": "2024-07-30",
    "offerEndDate": "2024-07-30"
  },
  {
    "productHash": "eduscho-crema-elegante-ganze-bohne",
    "productName": "Eduscho Crema Elegante ganze Bohne",
    "currentPrice": "€15,99",
    "originalPrice": "€22,99",
    "discount": "30% OFF",
    "unitMeasure": "1 KG",
    "category": "Drinks & Beverages (Getränke)",
    "productUrl": "https://www.spar.at/produktwelt/eduscho-crema-elegante-ganze-bohne-p6448783",
    "storeName": "SPAR",
    "searchTags": [
      "eduscho",
      "crema elegante",
      "coffee",
      "kaffee",
      "whole bean",
      "ganze bohne",
      "drink",
      "beverage",
      "espresso"
    ],
    "offerStartDate": "2024-07-30",
    "offerEndDate": "2024-07-30"
  },
  {
    "productHash": "goesser-naturradler-zitrone",
    "productName": "Gösser Naturradler Zitrone",
    "currentPrice": "€0,69",
    "originalPrice": "€1,39",
    "discount": "50% OFF",
    "unitMeasure": "330 ML",
    "category": "Drinks & Beverages (Getränke)",
    "productUrl": "https://www.spar.at/produktwelt/goesser-naturradler-zitrone-p2020002471323",
    "storeName": "SPAR",
    "searchTags": [
      "gösser",
      "naturradler",
      "zitrone",
      "lemon",
      "radler",
      "beer mix",
      "bier",
      "beer",
      "drink",
      "beverage"
    ],
    "offerStartDate": "2024-07-30",
    "offerEndDate": "2024-07-30"
  },
  {
    "productHash": "coca-cola-zero-zucker-zero-zucker",
    "productName": "Coca Cola Zero Zucker Zero Zucker",
    "currentPrice": "€1,99",
    "originalPrice": "€N/A",
    "discount": "N/A",
    "unitMeasure": "1 L",
    "category": "Drinks & Beverages (Getränke)",
    "productUrl": "https://www.spar.at/produktwelt/coca-cola-zero-p2020005442641",
    "storeName": "SPAR",
    "searchTags": [
      "coca cola",
      "cola",
      "zero",
      "zucker",
      "sugar",
      "sugar free",
      "zuckerfrei",
      "soft drink",
      "drink",
      "beverage"
    ],
    "offerStartDate": "2024-07-30",
    "offerEndDate": "2024-07-30"
  },
  {
    "productHash": "rabl-rudolf-gruener-veltliner-kamptal-dac-terrassen",
    "productName": "Rabl Rudolf Grüner Veltliner Kamptal DAC Terrassen",
    "currentPrice": "€5,99",
    "originalPrice": "€7,99",
    "discount": "25% OFF",
    "unitMeasure": "0,75 L",
    "category": "Drinks & Beverages (Getränke)",
    "productUrl": "https://www.spar.at/produktwelt/rabl-rudolf-gruener-veltliner-kamptal-dac-terrassen-2024-p1191011",
    "storeName": "SPAR",
    "searchTags": [
      "rabl rudolf",
      "grüner veltliner",
      "kamptal",
      "dac",
      "terrassen",
      "white wine",
      "weisswein",
      "wine",
      "wein",
      "drink",
      "beverage"
    ],
    "offerStartDate": "2024-07-30",
    "offerEndDate": "2024-07-30"
  },
  {
    "productHash": "roemerquelle-emotion-mango-acerola-vitamin",
    "productName": "Römerquelle Emotion Mango Acerola + Vitamin",
    "currentPrice": "€0,69",
    "originalPrice": "€1,39",
    "discount": "50% OFF",
    "unitMeasure": "0,75 L",
    "category": "Drinks & Beverages (Getränke)",
    "productUrl": "https://www.spar.at/produktwelt/roemerquelle-emotion-mango-acerola-mango-acerola-vitamin-p2020005433397",
    "storeName": "SPAR",
    "searchTags": [
      "römerquelle",
      "emotion",
      "mango",
      "acerola",
      "vitamin",
      "water",
      "wasser",
      "flavored water",
      "drink",
      "beverage"
    ],
    "offerStartDate": "2024-07-30",
    "offerEndDate": "2024-07-30"
  },
  {
    "productHash": "rauch-nativa-green-tea-lemon",
    "productName": "Rauch Nativa Green Tea Lemon",
    "currentPrice": "€1,19",
    "originalPrice": "€1,79",
    "discount": "34% OFF",
    "unitMeasure": "1 L",
    "category": "Drinks & Beverages (Getränke)",
    "productUrl": "https://www.spar.at/produktwelt/rauch-nativa-green-tea-lemon-p3201169",
    "storeName": "SPAR",
    "searchTags": [
      "rauch",
      "nativa",
      "green tea",
      "lemon",
      "iced tea",
      "grüntee",
      "zitrone",
      "drink",
      "beverage",
      "tee"
    ],
    "offerStartDate": "2024-07-30",
    "offerEndDate": "2024-07-30"
  },
  {
    "productHash": "roemerquelle-emotion-birne-melisse",
    "productName": "Römerquelle Emotion Birne Melisse",
    "currentPrice": "€0,69",
    "originalPrice": "€1,39",
    "discount": "50% OFF",
    "unitMeasure": "0,75 L",
    "category": "Drinks & Beverages (Getränke)",
    "productUrl": "https://www.spar.at/produktwelt/roemerquelle-emotion-birne-melisse-p2020005429024",
    "storeName": "SPAR",
    "searchTags": [
      "römerquelle",
      "emotion",
      "birne",
      "melisse",
      "pear",
      "balm",
      "water",
      "wasser",
      "flavored water",
      "drink",
      "beverage"
    ],
    "offerStartDate": "2024-07-30",
    "offerEndDate": "2024-07-30"
  },
  {
    "productHash": "stiegl-hell-6x0-5l",
    "productName": "Stiegl Hell 6x0,5l",
    "currentPrice": "€4,74",
    "originalPrice": "€8,28",
    "discount": "43% OFF",
    "unitMeasure": "3.000 ML",
    "category": "Drinks & Beverages (Getränke)",
    "productUrl": "https://www.spar.at/produktwelt/stiegl-hell-6x0-5lt-p2020003299049",
    "storeName": "SPAR",
    "searchTags": [
      "stiegl",
      "hell",
      "lager",
      "bier",
      "beer",
      "drink",
      "beverage",
      "alcohol"
    ],
    "offerStartDate": "2024-07-30",
    "offerEndDate": "2024-07-30"
  },
  {
    "productHash": "la-gioiosa-spumante-rosea",
    "productName": "La Gioiosa Spumante Rosea",
    "currentPrice": "€4,49",
    "originalPrice": "€7,49",
    "discount": "40% OFF",
    "unitMeasure": "0,75 L",
    "category": "Drinks & Beverages (Getränke)",
    "productUrl": "https://www.spar.at/produktwelt/la-gioiosa-spumante-rosea-p6842901",
    "storeName": "SPAR",
    "searchTags": [
      "la gioiosa",
      "spumante",
      "rosea",
      "sparkling wine",
      "rosé",
      "sekt",
      "wine",
      "wein",
      "drink",
      "beverage"
    ],
    "offerStartDate": "2024-07-30",
    "offerEndDate": "2024-07-30"
  },
  {
    "productHash": "cafe-royal-lungo-10-kapseln",
    "productName": "Café Royal Lungo 10 Kapseln",
    "currentPrice": "€3,49",
    "originalPrice": "€3,99",
    "discount": "13% OFF",
    "unitMeasure": "10 STK",
    "category": "Drinks & Beverages (Getränke)",
    "productUrl": "https://www.spar.at/produktwelt/cafe-royal-lungo-10-kapseln-p7498596",
    "storeName": "SPAR",
    "searchTags": [
      "cafe royal",
      "lungo",
      "coffee",
      "kaffee",
      "kapseln",
      "capsules",
      "drink",
      "beverage",
      "espresso"
    ],
    "offerStartDate": "2024-07-30",
    "offerEndDate": "2024-07-30"
  },
  {
    "productHash": "scheiblhofer-cabernet-sauvignon",
    "productName": "Scheiblhofer Cabernet Sauvignon",
    "currentPrice": "€7,99",
    "originalPrice": "€9,99",
    "discount": "20% OFF",
    "unitMeasure": "0,75 L",
    "category": "Drinks & Beverages (Getränke)",
    "productUrl": "https://www.spar.at/produktwelt/scheiblhofer-cabernet-sauvignon-2023-p1156324",
    "storeName": "SPAR",
    "searchTags": [
      "scheiblhofer",
      "cabernet sauvignon",
      "red wine",
      "rotwein",
      "wine",
      "wein",
      "drink",
      "beverage",
      "alcohol"
    ],
    "offerStartDate": "2024-07-30",
    "offerEndDate": "2024-07-30"
  },
  {
    "productHash": "teekanne-fruechtegarten-fruechteteemischung-omas-fruechtegeheimnis-20-teebeutel",
    "productName": "Teekanne Früchtegarten Früchteteemischung Omas Früchtegeheimnis 20 Teebeutel",
    "currentPrice": "€2,59",
    "originalPrice": "€3,59",
    "discount": "28% OFF",
    "unitMeasure": "N/A",
    "category": "Drinks & Beverages (Getränke)",
    "productUrl": "https://www.spar.at/produktwelt/teekanne-fruechtegarten-fruechteteemischung-omas-fruechtegeheimnis-20-teebeutel-p5510658",
    "storeName": "SPAR",
    "searchTags": [
      "teekanne",
      "früchtetee",
      "fruit tea",
      "omas früchtegeheimnis",
      "grandma's fruit secret",
      "tea",
      "teebeutel",
      "beverage",
      "drink"
    ],
    "offerStartDate": "2024-07-30",
    "offerEndDate": "2024-07-30"
  },
  {
    "productHash": "rauch-yippy-red-berries",
    "productName": "Rauch Yippy Red Berries",
    "currentPrice": "€0,99",
    "originalPrice": "€1,35",
    "discount": "27% OFF",
    "unitMeasure": "330 ML",
    "category": "Drinks & Beverages (Getränke)",
    "productUrl": "https://www.spar.at/produktwelt/rauch-yippy-red-berries-p2020005429956",
    "storeName": "SPAR",
    "searchTags": [
      "rauch",
      "yippy",
      "red berries",
      "juice",
      "drink",
      "fruchtsaft",
      "beverage",
      "fruit juice"
    ],
    "offerStartDate": "2024-07-30",
    "offerEndDate": "2024-07-30"
  },
  {
    "productHash": "roemerquelle-emotion-brombeere-limette",
    "productName": "Römerquelle Emotion Brombeere Limette",
    "currentPrice": "€0,69",
    "originalPrice": "€1,39",
    "discount": "50% OFF",
    "unitMeasure": "0,75 L",
    "category": "Drinks & Beverages (Getränke)",
    "productUrl": "https://www.spar.at/produktwelt/roemerquelle-emotion-brombeere-limette-p2020005429055",
    "storeName": "SPAR",
    "searchTags": [
      "römerquelle",
      "emotion",
      "brombeere",
      "limette",
      "blackberry",
      "lime",
      "water",
      "wasser",
      "flavored water",
      "drink",
      "beverage"
    ],
    "offerStartDate": "2024-07-30",
    "offerEndDate": "2024-07-30"
  },
  {
    "productHash": "roemerquelle-emotion-apfel-acai",
    "productName": "Römerquelle Emotion Apfel Acai",
    "currentPrice": "€0,69",
    "originalPrice": "€1,39",
    "discount": "50% OFF",
    "unitMeasure": "0,75 L",
    "category": "Drinks & Beverages (Getränke)",
    "productUrl": "https://www.spar.at/produktwelt/roemerquelle-emotion-apple-acai-apfel-acai-p2020005433373",
    "storeName": "SPAR",
    "searchTags": [
      "römerquelle",
      "emotion",
      "apfel",
      "acai",
      "apple",
      "water",
      "wasser",
      "flavored water",
      "drink",
      "beverage"
    ],
    "offerStartDate": "2024-07-30",
    "offerEndDate": "2024-07-30"
  },
  {
    "productHash": "eduscho-espresso-intenso-10-kapseln",
    "productName": "Eduscho Espresso intenso 10 Kapseln",
    "currentPrice": "€2,79",
    "originalPrice": "€4,49",
    "discount": "38% OFF",
    "unitMeasure": "10 STK",
    "category": "Drinks & Beverages (Getränke)",
    "productUrl": "https://www.spar.at/produktwelt/eduscho-espresso-intenso-10-kapseln-p2020002801038",
    "storeName": "SPAR",
    "searchTags": [
      "eduscho",
      "espresso",
      "intenso",
      "coffee",
      "kaffee",
      "kapseln",
      "capsules",
      "drink",
      "beverage"
    ],
    "offerStartDate": "2024-07-30",
    "offerEndDate": "2024-07-30"
  },
  {
    "productHash": "starbucks-caramel-macchiato",
    "productName": "Starbucks Caramel Macchiato",
    "currentPrice": "€1,09",
    "originalPrice": "€2,19",
    "discount": "50% OFF",
    "unitMeasure": "220 ML",
    "category": "Drinks & Beverages (Getränke)",
    "productUrl": "https://www.spar.at/produktwelt/starbucks-caramel-macchiato-p1419283",
    "storeName": "SPAR",
    "searchTags": [
      "starbucks",
      "caramel macchiato",
      "coffee",
      "kaffee",
      "iced coffee",
      "drink",
      "beverage",
      "macchiato",
      "caramel"
    ],
    "offerStartDate": "2024-07-30",
    "offerEndDate": "2024-07-30"
  },
  {
    "productHash": "fanta-fanta-orange-4x0-33l",
    "productName": "Fanta Fanta Orange 4x0,33l",
    "currentPrice": "€2,68",
    "originalPrice": "€4,89",
    "discount": "45% OFF",
    "unitMeasure": "1,32 L",
    "category": "Drinks & Beverages (Getränke)",
    "productUrl": "https://www.spar.at/produktwelt/fanta-fanta-orange-4-x-0-33l-p2020005707382",
    "storeName": "SPAR",
    "searchTags": [
      "fanta",
      "orange",
      "soft drink",
      "limonade",
      "drink",
      "beverage",
      "orangeade"
    ],
    "offerStartDate": "2024-07-30",
    "offerEndDate": "2024-07-30"
  },
  {
    "productHash": "antinori-villa-antinori-rosso-toscana-igt",
    "productName": "Antinori Villa Antinori Rosso Toscana IGT",
    "currentPrice": "€13,99",
    "originalPrice": "€16,49",
    "discount": "15% OFF",
    "unitMeasure": "0,75 L",
    "category": "Drinks & Beverages (Getränke)",
    "productUrl": "https://www.spar.at/produktwelt/antinori-villa-antinori-rosso-toscana-igt-2022-p3012659",
    "storeName": "SPAR",
    "searchTags": [
      "antinori",
      "villa antinori",
      "rosso",
      "toscana",
      "igt",
      "red wine",
      "rotwein",
      "wine",
      "wein",
      "drink",
      "beverage"
    ],
    "offerStartDate": "2024-07-30",
    "offerEndDate": "2024-07-30"
  },
  {
    "productHash": "coca-cola-zero-zucker-lemon",
    "productName": "Coca Cola Zero Zucker Lemon",
    "currentPrice": "€1,99",
    "originalPrice": "€N/A",
    "discount": "N/A",
    "unitMeasure": "1 L",
    "category": "Drinks & Beverages (Getränke)",
    "productUrl": "https://www.spar.at/produktwelt/coca-cola-lemon-zero-p2020005445253",
    "storeName": "SPAR",
    "searchTags": [
      "coca cola",
      "cola",
      "zero",
      "zuckerfrei",
      "lemon",
      "zitrone",
      "sugar free",
      "soft drink",
      "drink",
      "beverage"
    ],
    "offerStartDate": "2024-07-30",
    "offerEndDate": "2024-07-30"
  },
  {
    "productHash": "coca-cola-zero-sugar-lemon-330ml-dose",
    "productName": "Coca Cola Zero Sugar Lemon 330ml Dose",
    "currentPrice": "€0,67",
    "originalPrice": "€1,35",
    "discount": "50% OFF",
    "unitMeasure": "330 ML",
    "category": "Drinks & Beverages (Getränke)",
    "productUrl": "https://www.spar.at/produktwelt/coca-cola-lemon-zero-p2020005432000",
    "storeName": "SPAR",
    "searchTags": [
      "coca cola",
      "cola",
      "zero",
      "sugar",
      "lemon",
      "zuckerfrei",
      "zitrone",
      "soft drink",
      "drink",
      "beverage",
      "dose",
      "can"
    ],
    "offerStartDate": "2024-07-30",
    "offerEndDate": "2024-07-30"
  },
  {
    "productHash": "roemerquelle-mineralwasser-still",
    "productName": "Römerquelle Mineralwasser still",
    "currentPrice": "€0,75",
    "originalPrice": "€0,95",
    "discount": "21% OFF",
    "unitMeasure": "1,5 L",
    "category": "Drinks & Beverages (Getränke)",
    "productUrl": "https://www.spar.at/produktwelt/roemerquelle-mineralwasser-still-p2020005433410",
    "storeName": "SPAR",
    "searchTags": [
      "römerquelle",
      "mineralwasser",
      "still",
      "water",
      "wasser",
      "mineral water",
      "still water",
      "drink",
      "beverage"
    ],
    "offerStartDate": "2024-07-30",
    "offerEndDate": "2024-07-30"
  },
  {
    "productHash": "nescafe-dolce-gusto-dallmayr-crema-d-oro-16-kapseln",
    "productName": "Nescafé Dolce Gusto Dallmayr Crema d'Oro 16 Kapseln",
    "currentPrice": "€6,49",
    "originalPrice": "€7,49",
    "discount": "13% OFF",
    "unitMeasure": "16 STK",
    "category": "Drinks & Beverages (Getränke)",
    "productUrl": "https://www.spar.at/produktwelt/nescafe-dolce-gusto-kapseln-dallmayr-crema-d-oro-16-stueck-p1548655",
    "storeName": "SPAR",
    "searchTags": [
      "nescafe",
      "dolce gusto",
      "dallmayr",
      "crema d oro",
      "coffee",
      "kaffee",
      "kapseln",
      "capsules",
      "drink",
      "beverage"
    ],
    "offerStartDate": "2024-07-30",
    "offerEndDate": "2024-07-30"
  },
  {
    "productHash": "coca-cola-light",
    "productName": "Coca Cola Light",
    "currentPrice": "€0,67",
    "originalPrice": "€1,35",
    "discount": "50% OFF",
    "unitMeasure": "330 ML",
    "category": "Drinks & Beverages (Getränke)",
    "productUrl": "https://www.spar.at/produktwelt/coca-cola-light-p2020005429062",
    "storeName": "SPAR",
    "searchTags": [
      "coca cola",
      "cola",
      "light",
      "diet",
      "soft drink",
      "drink",
      "beverage",
      "sugar free",
      "zuckerfrei"
    ],
    "offerStartDate": "2024-07-30",
    "offerEndDate": "2024-07-30"
  },
  {
    "productHash": "nescafe-dolce-gusto-grande-16-kapseln",
    "productName": "Nescafé Dolce Gusto Grande 16 Kapseln",
    "currentPrice": "€6,49",
    "originalPrice": "€7,49",
    "discount": "13% OFF",
    "unitMeasure": "16 STK",
    "category": "Drinks & Beverages (Getränke)",
    "productUrl": "https://www.spar.at/produktwelt/nescafe-dolce-gusto-kapseln-grande-16-stueck-p7103780",
    "storeName": "SPAR",
    "searchTags": [
      "nescafe",
      "dolce gusto",
      "grande",
      "coffee",
      "kaffee",
      "kapseln",
      "capsules",
      "drink",
      "beverage"
    ],
    "offerStartDate": "2024-07-30",
    "offerEndDate": "2024-07-30"
  },
  {
    "productHash": "reisetbauer-organic-gin-rose",
    "productName": "Reisetbauer Organic Gin Rose",
    "currentPrice": "€25,99",
    "originalPrice": "€28,99",
    "discount": "10% OFF",
    "unitMeasure": "0,5 L",
    "category": "Drinks & Beverages (Getränke)",
    "productUrl": "https://www.spar.at/produktwelt/reisetbauer-organic-gin-rose-p2020003083617",
    "storeName": "SPAR",
    "searchTags": [
      "reisetbauer",
      "organic",
      "gin",
      "rose",
      "alcohol",
      "spirituose",
      "drink",
      "beverage",
      "cocktail"
    ],
    "offerStartDate": "2024-07-30",
    "offerEndDate": "2024-07-30"
  },
  {
    "productHash": "teekanne-fruechtegarten-fruechteteemischung-blutorange-20-teebeutel",
    "productName": "Teekanne Früchtegarten Früchteteemischung Blutorange 20 Teebeutel",
    "currentPrice": "€2,59",
    "originalPrice": "€3,59",
    "discount": "28% OFF",
    "unitMeasure": "N/A",
    "category": "Drinks & Beverages (Getränke)",
    "productUrl": "https://www.spar.at/produktwelt/teekanne-fruechtegarten-fruechteteemischung-blutorange-20-teebeutel-p4140979",
    "storeName": "SPAR",
    "searchTags": [
      "teekanne",
      "früchtetee",
      "fruit tea",
      "blutorange",
      "blood orange",
      "tea",
      "teebeutel",
      "beverage",
      "drink"
    ],
    "offerStartDate": "2024-07-30",
    "offerEndDate": "2024-07-30"
  },
  {
    "productHash": "coca-cola-zero-sugar-lime",
    "productName": "Coca Cola Zero Sugar Lime",
    "currentPrice": "€0,67",
    "originalPrice": "€1,35",
    "discount": "50% OFF",
    "unitMeasure": "330 ML",
    "category": "Drinks & Beverages (Getränke)",
    "productUrl": "https://www.spar.at/produktwelt/coca-cola-p2020005643864",
    "storeName": "SPAR",
    "searchTags": [
      "coca cola",
      "cola",
      "zero",
      "sugar",
      "lime",
      "zuckerfrei",
      "soft drink",
      "drink",
      "beverage"
    ],
    "offerStartDate": "2024-07-30",
    "offerEndDate": "2024-07-30"
  },
  {
    "productHash": "goesser-naturgold-alkoholfrei",
    "productName": "Gösser Naturgold alkoholfrei",
    "currentPrice": "€0,99",
    "originalPrice": "€1,49",
    "discount": "34% OFF",
    "unitMeasure": "500 ML",
    "category": "Drinks & Beverages (Getränke)",
    "productUrl": "https://www.spar.at/produktwelt/goesser-naturgold-alkoholfrei-p2020005429758",
    "storeName": "SPAR",
    "searchTags": [
      "gösser",
      "naturgold",
      "alkoholfrei",
      "non alcoholic",
      "bier",
      "beer",
      "drink",
      "beverage"
    ],
    "offerStartDate": "2024-07-30",
    "offerEndDate": "2024-07-30"
  },
  {
    "productHash": "la-gioiosa-frizzante-bianco",
    "productName": "La Gioiosa Frizzante Bianco",
    "currentPrice": "€2,49",
    "originalPrice": "€2,99",
    "discount": "17% OFF",
    "unitMeasure": "0,75 L",
    "category": "Drinks & Beverages (Getränke)",
    "productUrl": "https://www.spar.at/produktwelt/la-gioiosa-frizzante-bianco-p4968573",
    "storeName": "SPAR",
    "searchTags": [
      "la gioiosa",
      "frizzante",
      "bianco",
      "sparkling wine",
      "white wine",
      "sekt",
      "wine",
      "wein",
      "drink",
      "beverage"
    ],
    "offerStartDate": "2024-07-30",
    "offerEndDate": "2024-07-30"
  },
  {
    "productHash": "henkell-sekt-blanc-de-blancs",
    "productName": "Henkell Sekt Blanc de Blancs",
    "currentPrice": "€1,99",
    "originalPrice": "€2,49",
    "discount": "20% OFF",
    "unitMeasure": "200 ML",
    "category": "Drinks & Beverages (Getränke)",
    "productUrl": "https://www.spar.at/produktwelt/henkell-sekt-blanc-de-blancs-p2020002594930",
    "storeName": "SPAR",
    "searchTags": [
      "henkell",
      "sekt",
      "blanc de blancs",
      "sparkling wine",
      "white wine",
      "frizzante",
      "wine",
      "wein",
      "drink",
      "beverage"
    ],
    "offerStartDate": "2024-07-30",
    "offerEndDate": "2024-07-30"
  },
  {
    "productHash": "nescafe-gold-loeskaffee-cap-colombie",
    "productName": "Nescafé Gold Löskaffee Cap Colombie",
    "currentPrice": "€9,99",
    "originalPrice": "€15,49",
    "discount": "36% OFF",
    "unitMeasure": "200 G",
    "category": "Drinks & Beverages (Getränke)",
    "productUrl": "https://www.spar.at/produktwelt/nescafe-gold-loeskaffee-cap-colombie-p352062",
    "storeName": "SPAR",
    "searchTags": [
      "nescafe",
      "gold",
      "löskaffee",
      "instant coffee",
      "cap colombie",
      "coffee",
      "kaffee",
      "drink",
      "beverage"
    ],
    "offerStartDate": "2024-07-30",
    "offerEndDate": "2024-07-30"
  },
  {
    "productHash": "rauch-yippy-kirsche",
    "productName": "Rauch Yippy Kirsche",
    "currentPrice": "€0,99",
    "originalPrice": "€1,35",
    "discount": "27% OFF",
    "unitMeasure": "330 ML",
    "category": "Drinks & Beverages (Getränke)",
    "productUrl": "https://www.spar.at/produktwelt/rauch-yippy-kirsche-p2020005435193",
    "storeName": "SPAR",
    "searchTags": [
      "rauch",
      "yippy",
      "kirsche",
      "cherry",
      "juice",
      "drink",
      "fruchtsaft",
      "beverage",
      "fruit juice"
    ],
    "offerStartDate": "2024-07-30",
    "offerEndDate": "2024-07-30"
  }
]