[
  {
    "Name": "Bio Trauben hell kernlos",
    "Price": "€1.99",
    "Old Price": "€2.99",
    "Unit": "500 g (1 kg = 3.98)",
    "URL": "https://www.lidl.at/p/bio-trauben-hell-kernlos/p10039554",
    "Availability (Date Range)": "20.10. - 22.10."
  },
  {
    "Name": "Petersilie",
    "Price": "€0.99",
    "Old Price": "€1.99",
    "Unit": "Bund",
    "URL": "https://www.lidl.at/p/petersilie/p10039555",
    "Availability (Date Range)": "20.10. - 22.10."
  },
  {
    "Name": "Champignons weiß",
    "Price": "€1.29",
    "Old Price": "€1.99",
    "Unit": "500 g (1 kg = 2.58)",
    "URL": "https://www.lidl.at/p/champignons-weiss/p10039556",
    "Availability (Date Range)": "20.10. - 22.10."
  },
  {
    "Name": "Äpfel rot aus Österreich",
    "Price": "€1.79",
    "Old Price": "€2.79",
    "Unit": "1,5 kg (1 kg = 1.19)",
    "URL": "https://www.lidl.at/p/aepfel-rot-aus-oesterreich/p10039557",
    "Availability (Date Range)": "20.10. - 22.10."
  },
  {
    "Name": "Marillenspitz",
    "Price": "€0.89",
    "Old Price": "€1.29",
    "Unit": "Stück",
    "URL": "https://www.lidl.at/p/marillenspitz/p10039558",
    "Availability (Date Range)": "20.10. - 22.10."
  },
  {
    "Name": "Kartoffelbrot mit Röstzwiebel",
    "Price": "€1.39",
    "Old Price": "€N/A",
    "Unit": "350 g (1 kg = 3.97)",
    "URL": "https://www.lidl.at/p/kartoffelbrot-mit-roestzwiebel/p10039559",
    "Availability (Date Range)": "20.10. - 22.10."
  },
  {
    "Name": "Käsesemmel",
    "Price": "€0.52",
    "Old Price": "€N/A",
    "Unit": "Ab 3 Stk. je Stück",
    "URL": "https://www.lidl.at/p/kaesesemmel/p10039560",
    "Availability (Date Range)": "20.10. - 22.10."
  },
  {
    "Name": "Frisches Siedefleisch",
    "Price": "€8.59",
    "Old Price": "€12.03",
    "Unit": "Z.B.: je 708 kg (1 kg = 12.13)",
    "URL": "https://www.lidl.at/p/wiesentaler-frisches-siedefleisch/p10039561",
    "Availability (Date Range)": "20.10. - 22.10."
  },
  {
    "Name": "Frische Hendl Oberkeulenschnitzel",
    "Price": "€7.99",
    "Old Price": "€N/A",
    "Unit": "1 kg",
    "URL": "https://www.lidl.at/p/wiesentaler-frische-hendl-oberkeulenschnitzel/p10039562",
    "Availability (Date Range)": "20.10. - 22.10."
  },
  {
    "Name": "Frisches Schweinefilet",
    "Price": "€5.99",
    "Old Price": "€N/A",
    "Unit": "Z.B.: je 530 g (1 kg = 11.30)",
    "URL": "https://www.lidl.at/p/wiesentaler-frisches-schweinefilet/p10039563",
    "Availability (Date Range)": "20.10. - 22.10."
  },
  {
    "Name": "Frische Putenbrustschnitzel",
    "Price": "€8.49",
    "Old Price": "€N/A",
    "Unit": "1 kg",
    "URL": "https://www.lidl.at/p/gefluegelhof-frische-putenbrustschnitzel/p10039564",
    "Availability (Date Range)": "20.10. - 22.10."
  },
  {
    "Name": "Frische Forelle im Doppelpack",
    "Price": "€6.49",
    "Old Price": "€N/A",
    "Unit": "Z.B.: je 511 g (1 kg = 10.98)",
    "URL": "https://www.lidl.at/p/fischerstolz-frische-forelle-im-doppelpack/p10039565",
    "Availability (Date Range)": "20.10. - 22.10."
  },
  {
    "Name": "Adventkalender",
    "Price": "€1.39",
    "Old Price": "€N/A",
    "Unit": "65 g (1 kg = 21.38)",
    "URL": "https://www.lidl.at/p/favorina-adventkalender/p10039566",
    "Availability (Date Range)": "20.10. - 22.10."
  },
  {
    "Name": "Mix Adventkalender Stern",
    "Price": "€5.99",
    "Old Price": "€N/A",
    "Unit": "149 g (1 kg = 40.20)",
    "URL": "https://www.lidl.at/p/ferrero-kinder-mix-adventkalender-stern/p10039567",
    "Availability (Date Range)": "20.10. - 22.10."
  },
  {
    "Name": "Adventkalender",
    "Price": "€5.99",
    "Old Price": "€N/A",
    "Unit": "210 g (1 kg = 28.52)",
    "URL": "https://www.lidl.at/p/look-o-look-adventkalender/p10039568",
    "Availability (Date Range)": "20.10. - 22.10."
  },
  {
    "Name": "Adventkalender",
    "Price": "€1.99",
    "Old Price": "€N/A",
    "Unit": "75 g (1 kg = 26.53)",
    "URL": "https://www.lidl.at/p/windel-adventkalender/p10039569",
    "Availability (Date Range)": "20.10. - 22.10."
  },
  {
    "Name": "Naps Adventkalender",
    "Price": "€5.99",
    "Old Price": "€N/A",
    "Unit": "119,6 g (1 kg = 50.08)",
    "URL": "https://www.lidl.at/p/milka-naps-adventkalender/p10039570",
    "Availability (Date Range)": "20.10. - 22.10."
  },
  {
    "Name": "Allerheiligen Striezel",
    "Price": "€2.99",
    "Old Price": "€N/A",
    "Unit": "650 g (1 kg = 4.60)",
    "URL": "https://www.lidl.at/p/omas-backstube-allerheiligen-striezel/p10039571",
    "Availability (Date Range)": "20.10. - 22.10."
  },
  {
    "Name": "Speckwürfel oder -stifterl",
    "Price": "€2.99",
    "Old Price": "€3.99",
    "Unit": "130/​200 g (1 kg = 23.00/​14.95)",
    "URL": "https://www.lidl.at/p/wiesentaler-speckwuerfel-oder-stifterl/p10039572",
    "Availability (Date Range)": "20.10. - 22.10."
  },
  {
    "Name": "Farmerschinken",
    "Price": "€2.39",
    "Old Price": "€3.29",
    "Unit": "175 g (1 kg = 13.66)",
    "URL": "https://www.lidl.at/p/wiesentaler-farmerschinken/p10039573",
    "Availability (Date Range)": "20.10. - 22.10."
  },
  {
    "Name": "Pausenstangerl",
    "Price": "€1.79",
    "Old Price": "€2.39",
    "Unit": "90 g (1 kg = 19.89)",
    "URL": "https://www.lidl.at/p/wiesentaler-pausenstangerl/p10039574",
    "Availability (Date Range)": "20.10. - 22.10."
  },
  {
    "Name": "Frische Tortelloni",
    "Price": "€1.59",
    "Old Price": "€1.99",
    "Unit": "400 g (1 kg = 3.98)",
    "URL": "https://www.lidl.at/p/chef-select-frische-tortelloni/p10039575",
    "Availability (Date Range)": "20.10. - 22.10."
  },
  {
    "Name": "Frühstücksfleisch",
    "Price": "€1.99",
    "Old Price": "€2.99",
    "Unit": "Ab 3 Stk. je 340 g (1 kg = 5.85)",
    "URL": "https://www.lidl.at/p/dulano-fruehstuecksfleisch/p10039576",
    "Availability (Date Range)": "20.10. - 22.10."
  },
  {
    "Name": "Nutella",
    "Price": "€4.99",
    "Old Price": "€N/A",
    "Unit": "750 g (1 kg = 6.65)",
    "URL": "https://www.lidl.at/p/ferrero-nutella/p10039577",
    "Availability (Date Range)": "20.10. - 22.10."
  },
  {
    "Name": "Nutella",
    "Price": "€5.89",
    "Old Price": "€N/A",
    "Unit": "750 g (1 kg = 7.85)",
    "URL": "https://www.lidl.at/p/ferrero-nutella/p10039578",
    "Availability (Date Range)": "20.10. - 22.10."
  },
  {
    "Name": "Fischstäbchen",
    "Price": "€4.99",
    "Old Price": "€5.99",
    "Unit": "Ab 1 Stk. je 364/450 g (1 kg = 13.71/11.09)",
    "URL": "https://www.lidl.at/p/iglo-fischstaebchen/p10039579",
    "Availability (Date Range)": "20.10. - 22.10."
  },
  {
    "Name": "Fischstäbchen",
    "Price": "€3.99",
    "Old Price": "€5.99",
    "Unit": "Ab 3 Stk. je 364/450 g (1 kg = 10.96/8.87)",
    "URL": "https://www.lidl.at/p/iglo-fischstaebchen/p10039580",
    "Availability (Date Range)": "20.10. - 22.10."
  },
  {
    "Name": "Riesengermknödel",
    "Price": "€2.39",
    "Old Price": "€2.99",
    "Unit": "560 g (1 kg = 4.27)",
    "URL": "https://www.lidl.at/p/chef-select-riesengermknoedel/p10039581",
    "Availability (Date Range)": "20.10. - 22.10."
  },
  {
    "Name": "Picco Pizzi 12er",
    "Price": "€2.39",
    "Old Price": "€2.99",
    "Unit": "Ab 2 Stk. je 360 g (1 kg = 6.64)",
    "URL": "https://www.lidl.at/p/trattoria-alfredo-picco-pizzi-12er/p10039582",
    "Availability (Date Range)": "20.10. - 22.10."
  },
  {
    "Name": "Mineralwasser",
    "Price": "€0.16",
    "Old Price": "€N/A",
    "Unit": "Ab 9 Stk. je 0,5 l (1 l = 0.32)",
    "URL": "https://www.lidl.at/p/saskia-mineralwasser/p10039583",
    "Availability (Date Range)": "20.10. - 22.10."
  },
  {
    "Name": "Präsident",
    "Price": "€7.99",
    "Old Price": "€11.99",
    "Unit": "500 g (1 kg = ​15.98)",
    "URL": "https://www.lidl.at/p/julius-meinl-praesident/p10039584",
    "Availability (Date Range)": "20.10. - 22.10."
  },
  {
    "Name": "Präsident",
    "Price": "€8.99",
    "Old Price": "€11.99",
    "Unit": "500 g (1 kg = 17.98)",
    "URL": "https://www.lidl.at/p/julius-meinl-praesident/p10039585",
    "Availability (Date Range)": "20.10. - 22.10."
  },
  {
    "Name": "Knabbergebäck",
    "Price": "€0.99",
    "Old Price": "€1.99",
    "Unit": "80 g (1 kg = 12.38)",
    "URL": "https://www.lidl.at/p/kelly-s-knabbergebaeck/p10039586",
    "Availability (Date Range)": "20.10. - 22.10."
  },
  {
    "Name": "Knabbergebäck",
    "Price": "€1.29",
    "Old Price": "€1.99",
    "Unit": "80 g (1 kg = 16.13)",
    "URL": "https://www.lidl.at/p/kelly-s-knabbergebaeck/p10039587",
    "Availability (Date Range)": "20.10. - 22.10."
  },
  {
    "Name": "Schoko Snack oder Fresh Milk-Snack",
    "Price": "€0.99",
    "Old Price": "€N/A",
    "Unit": "4x 29/27 g (1 kg = 8.53/9.17)",
    "URL": "https://www.lidl.at/p/milka-oreo-schoko-snack-oder-fresh-milk-snack/p10039588",
    "Availability (Date Range)": "20.10. - 22.10."
  },
  {
    "Name": "Debreziner",
    "Price": "€6.99",
    "Old Price": "€N/A",
    "Unit": "1 kg",
    "URL": "https://www.lidl.at/p/wiesentaler-debreziner/p10039589",
    "Availability (Date Range)": "20.10. - 22.10."
  },
  {
    "Name": "Feine Extrawurst",
    "Price": "€1.79",
    "Old Price": "€N/A",
    "Unit": "250 g (1 kg = 7.16)",
    "URL": "https://www.lidl.at/p/wiesentaler-feine-extrawurst/p10039590",
    "Availability (Date Range)": "20.10. - 22.10."
  },
  {
    "Name": "Fruchtzwerge Big Pack",
    "Price": "€2.59",
    "Old Price": "€N/A",
    "Unit": "6x 100 g (1 kg = 4.31)",
    "URL": "https://www.lidl.at/p/danone-fruchtzwerge-big-pack/p10039591",
    "Availability (Date Range)": "20.10. - 22.10."
  },
  {
    "Name": "Hausgemachte Grammeln",
    "Price": "€2.99",
    "Old Price": "€N/A",
    "Unit": "150 g (1 kg = 19.93)",
    "URL": "https://www.lidl.at/p/zlatiborac-hausgemachte-grammeln/p10039592",
    "Availability (Date Range)": "20.10. - 22.10."
  },
  {
    "Name": "Culinesse",
    "Price": "€2.49",
    "Old Price": "€N/A",
    "Unit": "750 ml (1 l = 3.32)",
    "URL": "https://www.lidl.at/p/rama-culinesse/p10039593",
    "Availability (Date Range)": "20.10. - 22.10."
  },
  {
    "Name": "Mozzarella in Scheiben",
    "Price": "€8.99",
    "Old Price": "€N/A",
    "Unit": "1 kg",
    "URL": "https://www.lidl.at/p/alpengut-mozzarella-in-scheiben/p10039594",
    "Availability (Date Range)": "20.10. - 22.10."
  },
  {
    "Name": "Gouda im Stück",
    "Price": "€7.99",
    "Old Price": "€N/A",
    "Unit": "1 kg",
    "URL": "https://www.lidl.at/p/schaerdinger-gouda-im-stueck/p10039595",
    "Availability (Date Range)": "20.10. - 22.10."
  },
  {
    "Name": "Mozzarella",
    "Price": "€0.99",
    "Old Price": "€N/A",
    "Unit": "125 g (1 kg = 7.92)",
    "URL": "https://www.lidl.at/p/schaerdinger-mozzarella/p10039596",
    "Availability (Date Range)": "20.10. - 22.10."
  },
  {
    "Name": "Schwedenbomben",
    "Price": "€5.99",
    "Old Price": "€N/A",
    "Unit": "360 g (1 kg = 16.64)",
    "URL": "https://www.lidl.at/p/niemetz-schwedenbomben/p10039597",
    "Availability (Date Range)": "20.10. - 22.10."
  },
  {
    "Name": "Honig- oder Honig-Kakao-Kugeln",
    "Price": "€7.49",
    "Old Price": "€N/A",
    "Unit": "470 g (1 kg = 15.94)",
    "URL": "https://www.lidl.at/p/marlenka-honig-oder-honig-kakao-kugeln/p10039598",
    "Availability (Date Range)": "20.10. - 22.10."
  },
  {
    "Name": "Manner Produkte",
    "Price": "€2.49",
    "Old Price": "€N/A",
    "Unit": "",
    "URL": "https://www.lidl.at/p/manner-manner-produkte/p10039599",
    "Availability (Date Range)": "20.10. - 22.10."
  },
  {
    "Name": "Limonade",
    "Price": "€0.44",
    "Old Price": "€N/A",
    "Unit": "0,33 l (1 l = 1.33)",
    "URL": "https://www.lidl.at/p/schartner-bombe-limonade/p10039600",
    "Availability (Date Range)": "20.10. - 22.10."
  },
  {
    "Name": "Sirup",
    "Price": "€2.49",
    "Old Price": "€N/A",
    "Unit": "0,7 l (1 l = 3.56)",
    "URL": "https://www.lidl.at/p/mautner-markhof-sirup/p10039601",
    "Availability (Date Range)": "20.10. - 22.10."
  },
  {
    "Name": "Maggi Fix Air Fryer",
    "Price": "€0.89",
    "Old Price": "€N/A",
    "Unit": "27-44 g (1 kg = 32.96-20.23)",
    "URL": "https://www.lidl.at/p/maggi-maggi-fix-air-fryer/p10039602",
    "Availability (Date Range)": "20.10. - 22.10."
  },
  {
    "Name": "Katzen- oder Hundefutter/Katzenstreu",
    "Price": "€0.59",
    "Old Price": "€N/A",
    "Unit": "",
    "URL": "https://www.lidl.at/p/coshida-purina-sheba-orlando-katzen-oder-hundefutter-katzenstreu/p10039603",
    "Availability (Date Range)": "20.10. - 22.10."
  },
  {
    "Name": "Duftkerzen",
    "Price": "€2.99",
    "Old Price": "€N/A",
    "Unit": "Stück",
    "URL": "https://www.lidl.at/p/glade-duftkerzen/p10039604",
    "Availability (Date Range)": "20.10. - 22.10."
  },
  {
    "Name": "Borotalco Produkte",
    "Price": "€2.29",
    "Old Price": "€N/A",
    "Unit": "",
    "URL": "https://www.lidl.at/p/borotalco-borotalco-produkte/p10039605",
    "Availability (Date Range)": "20.10. - 22.10."
  },
  {
    "Name": "Butter Croissant",
    "Price": "€0.39",
    "Old Price": "€N/A",
    "Unit": "Ab 3 Stk. je Stk.",
    "URL": "https://www.lidl.at/p/butter-croissant/p10039758",
    "Availability (Date Range)": "von 23.10. - 25.10."
  },
  {
    "Name": "Clementinen",
    "Price": "€2.39",
    "Old Price": "€3.39",
    "Unit": "1,5 kg (1 kg = 1.59)",
    "URL": "https://www.lidl.at/p/clementinen/p10039759",
    "Availability (Date Range)": "von 23.10. - 25.10."
  },
  {
    "Name": "Paprika rot aus Österreich",
    "Price": "€0.64",
    "Old Price": "€N/A",
    "Unit": "Ab 2 Stk. je Stk.",
    "URL": "https://www.lidl.at/p/paprika-rot-aus-oesterreich/p10039760",
    "Availability (Date Range)": "von 23.10. - 25.10."
  },
  {
    "Name": "Avocados vorgereift",
    "Price": "€0.69",
    "Old Price": "€-.99",
    "Unit": "Stück",
    "URL": "https://www.lidl.at/p/avocados-vorgereift/p10039761",
    "Availability (Date Range)": "von 23.10. - 25.10."
  },
  {
    "Name": "Avocados vorgereift",
    "Price": "€0.79",
    "Old Price": "€-.99",
    "Unit": "Stück",
    "URL": "https://www.lidl.at/p/avocados-vorgereift/p10039762",
    "Availability (Date Range)": "von 23.10. - 25.10."
  },
  {
    "Name": "Salatherzen",
    "Price": "€1.00",
    "Old Price": "€N/A",
    "Unit": "2 Stk.-Pkg. (1 Stk. = 0.50)",
    "URL": "https://www.lidl.at/p/salatherzen/p10039763",
    "Availability (Date Range)": "von 23.10. - 25.10."
  },
  {
    "Name": "Birnen aus Österreich",
    "Price": "€1.00",
    "Old Price": "€N/A",
    "Unit": "500 g (1 kg = 2.00)",
    "URL": "https://www.lidl.at/p/birnen-aus-oesterreich/p10039764",
    "Availability (Date Range)": "von 23.10. - 25.10."
  },
  {
    "Name": "Fladenbrot",
    "Price": "€0.59",
    "Old Price": "€-.89",
    "Unit": "Stück",
    "URL": "https://www.lidl.at/p/fladenbrot/p10039765",
    "Availability (Date Range)": "von 23.10. - 25.10."
  },
  {
    "Name": "Topfenkornweckerl",
    "Price": "€0.39",
    "Old Price": "€N/A",
    "Unit": "Ab 2 Stk. je Stk.",
    "URL": "https://www.lidl.at/p/topfenkornweckerl/p10039766",
    "Availability (Date Range)": "von 23.10. - 25.10."
  },
  {
    "Name": "Krapfen gefüllt",
    "Price": "€3.99",
    "Old Price": "€N/A",
    "Unit": "4x 92 g (1 kg = 10.84)",
    "URL": "https://www.lidl.at/p/halloween-krapfen-gefuellt/p10039767",
    "Availability (Date Range)": "von 23.10. - 25.10."
  },
  {
    "Name": "Ciabatta Kalamata Olive",
    "Price": "€0.99",
    "Old Price": "€N/A",
    "Unit": "255 g (1 kg = 3.88)",
    "URL": "https://www.lidl.at/p/ciabatta-kalamata-olive/p10039768",
    "Availability (Date Range)": "von 23.10. - 25.10."
  },
  {
    "Name": "Fisches Hendl im Doppelpack",
    "Price": "€2.99",
    "Old Price": "€N/A",
    "Unit": "kg",
    "URL": "https://www.lidl.at/p/fisches-hendl-im-doppelpack/p10039769",
    "Availability (Date Range)": "von 23.10. - 25.10."
  },
  {
    "Name": "Spare Ribs mariniert",
    "Price": "€5.99",
    "Old Price": "€7.79",
    "Unit": "Z.B. je 650 g (1 kg = 9.22)",
    "URL": "https://www.lidl.at/p/wiesentaler-selection-spare-ribs-mariniert/p10039770",
    "Availability (Date Range)": "von 23.10. - 25.10."
  },
  {
    "Name": "Frische Karreesteaks",
    "Price": "€14.99",
    "Old Price": "€N/A",
    "Unit": "2 kg (1 kg = 7.50)",
    "URL": "https://www.lidl.at/p/metzgerfrisch-frische-karreesteaks/p10039771",
    "Availability (Date Range)": "von 23.10. - 25.10."
  },
  {
    "Name": "Entrecote Steak vom Kalb",
    "Price": "€9.69",
    "Old Price": "€N/A",
    "Unit": "Z.B. je 303 g (1 kg = 31.99)",
    "URL": "https://www.lidl.at/p/entrecote-steak-vom-kalb/p10039772",
    "Availability (Date Range)": "von 23.10. - 25.10."
  },
  {
    "Name": "Lachsforellenseite",
    "Price": "€14.39",
    "Old Price": "€N/A",
    "Unit": "Z.B. je 800 g (1 kg = 17.99)",
    "URL": "https://www.lidl.at/p/grillmeister-lachsforellenseite/p10039773",
    "Availability (Date Range)": "von 23.10. - 25.10."
  },
  {
    "Name": "Lachsforellenseite",
    "Price": "€15.99",
    "Old Price": "€N/A",
    "Unit": "Z.B. je 800 g (1 kg = 19.99)",
    "URL": "https://www.lidl.at/p/grillmeister-lachsforellenseite/p10039774",
    "Availability (Date Range)": "von 23.10. - 25.10."
  },
  {
    "Name": "Frisches Faschiertes vom Schwein",
    "Price": "€2.29",
    "Old Price": "€2.79",
    "Unit": "500 g (1 kg = 4.58)",
    "URL": "https://www.lidl.at/p/frisches-faschiertes-vom-schwein/p10039775",
    "Availability (Date Range)": "von 23.10. - 25.10."
  },
  {
    "Name": "Frisches Faschiertes vom Schwein",
    "Price": "€4.49",
    "Old Price": "€5.49",
    "Unit": "1 kg",
    "URL": "https://www.lidl.at/p/frisches-faschiertes-vom-schwein/p10039776",
    "Availability (Date Range)": "von 23.10. - 25.10."
  },
  {
    "Name": "Frische Maishendl Unterkeulen",
    "Price": "€3.99",
    "Old Price": "€N/A",
    "Unit": "1 kg",
    "URL": "https://www.lidl.at/p/wiesentaler-frische-maishendl-unterkeulen/p10039777",
    "Availability (Date Range)": "von 23.10. - 25.10."
  },
  {
    "Name": "Milchreis",
    "Price": "€0.54",
    "Old Price": "€N/A",
    "Unit": "Ab 4 Becher je 200 g (1 kg = 2.70)",
    "URL": "https://www.lidl.at/p/mueller-milchreis/p10039778",
    "Availability (Date Range)": "von 23.10. - 25.10."
  },
  {
    "Name": "Rolle",
    "Price": "€1.49",
    "Old Price": "€N/A",
    "Unit": "Ab 2 Pkg. je 154/157 g (1 kg = 9.68/9.49)",
    "URL": "https://www.lidl.at/p/oreo-rolle/p10039779",
    "Availability (Date Range)": "von 23.10. - 25.10."
  },
  {
    "Name": "Hühner Nuggets",
    "Price": "€3.52",
    "Old Price": "€N/A",
    "Unit": "Ab 3 Pkg. je 250 g (1 kg = 14.08)",
    "URL": "https://www.lidl.at/p/iglo-huehner-nuggets/p10039780",
    "Availability (Date Range)": "von 23.10. - 25.10."
  },
  {
    "Name": "Pikante Schönbrunner oder Leichte Gemüse Pariser",
    "Price": "€1.49",
    "Old Price": "€2.19",
    "Unit": "150 g (1 kg = 9.93)",
    "URL": "https://www.lidl.at/p/wiesentaler-pikante-schoenbrunner-oder-leichte-gemuese-pariser/p10039781",
    "Availability (Date Range)": "von 23.10. - 25.10."
  },
  {
    "Name": "Puten Kantwurst oder Salami",
    "Price": "€2.19",
    "Old Price": "€N/A",
    "Unit": "140 g (1 kg = 15.64)",
    "URL": "https://www.lidl.at/p/dulano-puten-kantwurst-oder-salami/p10039782",
    "Availability (Date Range)": "von 23.10. - 25.10."
  },
  {
    "Name": "Altwiener Bratstelze im Ganzen",
    "Price": "€7.49",
    "Old Price": "€N/A",
    "Unit": "600 g (1 kg = 12.48)",
    "URL": "https://www.lidl.at/p/wiesentaler-altwiener-bratstelze-im-ganzen/p10039783",
    "Availability (Date Range)": "von 23.10. - 25.10."
  },
  {
    "Name": "Extrawurst",
    "Price": "€3.99",
    "Old Price": "€N/A",
    "Unit": "1 kg",
    "URL": "https://www.lidl.at/p/radatz-extrawurst/p10039784",
    "Availability (Date Range)": "von 23.10. - 25.10."
  },
  {
    "Name": "Winterkuchen",
    "Price": "€3.99",
    "Old Price": "€N/A",
    "Unit": "400 g (1 kg = 9.98)",
    "URL": "https://www.lidl.at/p/oelz-winterkuchen/p10039785",
    "Availability (Date Range)": "von 23.10. - 25.10."
  },
  {
    "Name": "Torte",
    "Price": "€8.99",
    "Old Price": "€N/A",
    "Unit": "750 g (1 kg = 11.99)",
    "URL": "https://www.lidl.at/p/mlinotest-torte/p10039786",
    "Availability (Date Range)": "von 23.10. - 25.10."
  },
  {
    "Name": "Dreh und Trink",
    "Price": "€2.76",
    "Old Price": "€N/A",
    "Unit": "4x 200 ml (1 l = 3.45)",
    "URL": "https://www.lidl.at/p/dreh-und-trink/p10039787",
    "Availability (Date Range)": "von 23.10. - 25.10."
  },
  {
    "Name": "Kindergetränk Pepper Pig",
    "Price": "€5.99",
    "Old Price": "€N/A",
    "Unit": "8x 350 ml (1 l = 2.14)",
    "URL": "https://www.lidl.at/p/kindergetraenk-pepper-pig/p10039788",
    "Availability (Date Range)": "von 23.10. - 25.10."
  },
  {
    "Name": "Regular, Zero, Zero Lemon oder Mirinda",
    "Price": "€0.99",
    "Old Price": "€N/A",
    "Unit": "1,5 l (1 l = 0.66)",
    "URL": "https://www.lidl.at/p/pepsi-mirinda-regular-zero-zero-lemon-oder-mirinda/p10039789",
    "Availability (Date Range)": "von 23.10. - 25.10."
  },
  {
    "Name": "Märzen, Zisch oder Radler Zitrone",
    "Price": "€3.42",
    "Old Price": "€N/A",
    "Unit": "6x 0,5 l (0,5 l = 0.57)",
    "URL": "https://www.lidl.at/p/egger-maerzen-zisch-oder-radler-zitrone/p10039790",
    "Availability (Date Range)": "von 23.10. - 25.10."
  },
  {
    "Name": "2 Kammer-Joghurt",
    "Price": "€3.59",
    "Old Price": "€N/A",
    "Unit": "6x 120 g (1 kg = 4.99)",
    "URL": "https://www.lidl.at/p/nestle-2-kammer-joghurt/p10039791",
    "Availability (Date Range)": "von 23.10. - 25.10."
  },
  {
    "Name": "Fruchtjoghurt",
    "Price": "€1.49",
    "Old Price": "€N/A",
    "Unit": "500 g (1 kg = 2.98)",
    "URL": "https://www.lidl.at/p/landliebe-fruchtjoghurt/p10039792",
    "Availability (Date Range)": "von 23.10. - 25.10."
  },
  {
    "Name": "Torten",
    "Price": "€5.19",
    "Old Price": "€N/A",
    "Unit": "400 g (1 kg = 12.98)",
    "URL": "https://www.lidl.at/p/almondy-torten/p10039793",
    "Availability (Date Range)": "von 23.10. - 25.10."
  },
  {
    "Name": "Crunchy Cookies",
    "Price": "€2.99",
    "Old Price": "€N/A",
    "Unit": "136 g (1 kg = 21.99)",
    "URL": "https://www.lidl.at/p/kinder-crunchy-cookies/p10039794",
    "Availability (Date Range)": "von 23.10. - 25.10."
  },
  {
    "Name": "Baumstämme oder Tortenecken",
    "Price": "€2.99",
    "Old Price": "€N/A",
    "Unit": "3x 100 g (1 kg = 9.97)",
    "URL": "https://www.lidl.at/p/auer-baumstaemme-oder-tortenecken/p10039795",
    "Availability (Date Range)": "von 23.10. - 25.10."
  },
  {
    "Name": "Süße Pilze oder Retro Süßigkeiten",
    "Price": "€0.99",
    "Old Price": "€N/A",
    "Unit": "10-125 g (1 kg = 99-7.92)",
    "URL": "https://www.lidl.at/p/squashies-suesse-pilze-oder-retro-suessigkeiten/p10039796",
    "Availability (Date Range)": "von 23.10. - 25.10."
  },
  {
    "Name": "Grüner Veltliner Prestige",
    "Price": "€5.99",
    "Old Price": "€6.99",
    "Unit": "0,75 l (1 l = 7.99)",
    "URL": "https://www.lidl.at/p/domaene-wachau-gruener-veltliner-prestige/p10039798",
    "Availability (Date Range)": "von 23.10. - 25.10."
  },
  {
    "Name": "Grüner Veltliner Federspiel",
    "Price": "€6.99",
    "Old Price": "€N/A",
    "Unit": "0,75 l (1 l = 9.32)",
    "URL": "https://www.lidl.at/p/domaene-wachau-gruener-veltliner-federspiel/p10039799",
    "Availability (Date Range)": "von 23.10. - 25.10."
  },
  {
    "Name": "Riesling Federspiel",
    "Price": "€6.99",
    "Old Price": "€N/A",
    "Unit": "0,75 l (1 l = 9.32)",
    "URL": "https://www.lidl.at/p/domaene-wachau-riesling-federspiel/p10039800",
    "Availability (Date Range)": "von 23.10. - 25.10."
  },
  {
    "Name": "Käseaufschnitt",
    "Price": "€1.49",
    "Old Price": "€2.99",
    "Unit": "150 g (1 kg = 9.93)",
    "URL": "https://www.lidl.at/p/schaerdinger-kaeseaufschnitt/p10039801",
    "Availability (Date Range)": "von 23.10. - 25.10."
  },
  {
    "Name": "Käseaufschnitt",
    "Price": "€1.79",
    "Old Price": "€2.99",
    "Unit": "150 g (1 kg = 11.93)",
    "URL": "https://www.lidl.at/p/schaerdinger-kaeseaufschnitt/p10039802",
    "Availability (Date Range)": "von 23.10. - 25.10."
  },
  {
    "Name": "Spezialitäten",
    "Price": "€1.29",
    "Old Price": "€1.75",
    "Unit": "100 g (1 kg = 12.90)",
    "URL": "https://www.lidl.at/p/wiesbauer-spezialitaeten/p10039803",
    "Availability (Date Range)": "von 23.10. - 25.10."
  },
  {
    "Name": "Brotaufstrich",
    "Price": "€1.79",
    "Old Price": "€2.59",
    "Unit": "185 g (1 kg = 9.68)",
    "URL": "https://www.lidl.at/p/brunch-brotaufstrich/p10039804",
    "Availability (Date Range)": "von 23.10. - 25.10."
  },
  {
    "Name": "Brotaufstrich",
    "Price": "€1.89",
    "Old Price": "€2.59",
    "Unit": "185 g (1 kg = 10.22)",
    "URL": "https://www.lidl.at/p/brunch-brotaufstrich/p10039805",
    "Availability (Date Range)": "von 23.10. - 25.10."
  },
  {
    "Name": "Mühlen Mett",
    "Price": "€1.79",
    "Old Price": "€N/A",
    "Unit": "100 g (1 kg = 17.90)",
    "URL": "https://www.lidl.at/p/ruegenwalder-muehle-muehlen-mett/p10039806",
    "Availability (Date Range)": "von 23.10. - 25.10."
  },
  {
    "Name": "Mühlen Mett",
    "Price": "€1.99",
    "Old Price": "€N/A",
    "Unit": "100 g (1 kg = 19.90)",
    "URL": "https://www.lidl.at/p/ruegenwalder-muehle-muehlen-mett/p10039807",
    "Availability (Date Range)": "von 23.10. - 25.10."
  },
  {
    "Name": "Teewurst",
    "Price": "€2.29",
    "Old Price": "€N/A",
    "Unit": "125 g (1 kg = 18.32)",
    "URL": "https://www.lidl.at/p/ruegenwalder-muehle-teewurst/p10039808",
    "Availability (Date Range)": "von 23.10. - 25.10."
  },
  {
    "Name": "Teewurst",
    "Price": "€2.39",
    "Old Price": "€N/A",
    "Unit": "125 g (1 kg = 19.12)",
    "URL": "https://www.lidl.at/p/ruegenwalder-muehle-teewurst/p10039809",
    "Availability (Date Range)": "von 23.10. - 25.10."
  },
  {
    "Name": "Cremespinat",
    "Price": "€2.09",
    "Old Price": "€3.49",
    "Unit": "600 g (1 kg = 3.48)",
    "URL": "https://www.lidl.at/p/iglo-cremespinat/p10039811",
    "Availability (Date Range)": "von 23.10. - 25.10."
  },
  {
    "Name": "Flora",
    "Price": "€0.99",
    "Old Price": "€N/A",
    "Unit": "250 ml (1 l = 3.96)",
    "URL": "https://www.lidl.at/p/flora/p10039812",
    "Availability (Date Range)": "von 23.10. - 25.10."
  },
  {
    "Name": "Flora",
    "Price": "€1.19",
    "Old Price": "€N/A",
    "Unit": "250 ml (1 l = 4.76)",
    "URL": "https://www.lidl.at/p/flora/p10039813",
    "Availability (Date Range)": "von 23.10. - 25.10."
  },
  {
    "Name": "Original Irische Butter",
    "Price": "€2.49",
    "Old Price": "€N/A",
    "Unit": "250 g (1 kg = 9.96)",
    "URL": "https://www.lidl.at/p/kerrygold-original-irische-butter/p10039814",
    "Availability (Date Range)": "von 23.10. - 25.10."
  },
  {
    "Name": "Original Irische Butter",
    "Price": "€2.59",
    "Old Price": "€N/A",
    "Unit": "250 g (1 kg = 10.36)",
    "URL": "https://www.lidl.at/p/kerrygold-original-irische-butter/p10039815",
    "Availability (Date Range)": "von 23.10. - 25.10."
  },
  {
    "Name": "Balisto oder Bounty 9er",
    "Price": "€2.29",
    "Old Price": "€3.29",
    "Unit": "166,5/​256,5 g (1 kg = 13.75/​8.93)",
    "URL": "https://www.lidl.at/p/mars-balisto-oder-bounty-9er/p10039816",
    "Availability (Date Range)": "von 23.10. - 25.10."
  },
  {
    "Name": "Balisto oder Bounty 9er",
    "Price": "€2.49",
    "Old Price": "€3.29",
    "Unit": "166,5/256,5 g (1 kg = 14.95/9.71)",
    "URL": "https://www.lidl.at/p/mars-balisto-oder-bounty-9er/p10039817",
    "Availability (Date Range)": "von 23.10. - 25.10."
  },
  {
    "Name": "Ketchup",
    "Price": "€2.69",
    "Old Price": "€3.99",
    "Unit": "960/​1000 g (1 kg = 2.80/​2.69)",
    "URL": "https://www.lidl.at/p/felix-ketchup/p10039818",
    "Availability (Date Range)": "von 23.10. - 25.10."
  },
  {
    "Name": "Ketchup",
    "Price": "€2.99",
    "Old Price": "€3.99",
    "Unit": "960/1000 g (1 kg = 3.11/2.99)",
    "URL": "https://www.lidl.at/p/felix-ketchup/p10039819",
    "Availability (Date Range)": "von 23.10. - 25.10."
  },
  {
    "Name": "Meisterkesselsuppen",
    "Price": "€2.66",
    "Old Price": "€N/A",
    "Unit": "Ab 3 Dosen je 500 g (1 kg = 5.32 )",
    "URL": "https://www.lidl.at/p/knorr-meisterkesselsuppen/p10039820",
    "Availability (Date Range)": "von 23.10. - 25.10."
  },
  {
    "Name": "Kaffee Spezial",
    "Price": "€7.49",
    "Old Price": "€14.49",
    "Unit": "500 g (1 kg = 14.98)",
    "URL": "https://www.lidl.at/p/j-hornig-kaffee-spezial/p10039822",
    "Availability (Date Range)": "von 23.10. - 25.10."
  },
  {
    "Name": "Kaffee Spezial",
    "Price": "€7.99",
    "Old Price": "€14.49",
    "Unit": "500 g (1 kg = 15.98)",
    "URL": "https://www.lidl.at/p/j-hornig-kaffee-spezial/p10039823",
    "Availability (Date Range)": "von 23.10. - 25.10."
  },
  {
    "Name": "Märzen",
    "Price": "€0.69",
    "Old Price": "€1.15",
    "Unit": "Ab 12 Fl. je 0,33 l (0,5 l = 1.05)",
    "URL": "https://www.lidl.at/p/zipfer-maerzen/p10039824",
    "Availability (Date Range)": "von 23.10. - 25.10."
  },
  {
    "Name": "Märzen",
    "Price": "€0.79",
    "Old Price": "€1.15",
    "Unit": "Ab 12 Fl. je 0,33 l (0,5 l = 1.20)",
    "URL": "https://www.lidl.at/p/zipfer-maerzen/p10039825",
    "Availability (Date Range)": "von 23.10. - 25.10."
  },
  {
    "Name": "Fasstyp Märzenbier",
    "Price": "€13.80",
    "Old Price": "€24.40",
    "Unit": "20 x 0,5 Liter (0,5 l = 0.69)",
    "URL": "https://www.lidl.at/p/kaiser-fasstyp-maerzenbier/p10039826",
    "Availability (Date Range)": "von 23.10. - 25.10."
  },
  {
    "Name": "Fasstyp Märzenbier",
    "Price": "€14.80",
    "Old Price": "€24.40",
    "Unit": "20 x 0,5 Liter (0,5 l = 0.74)",
    "URL": "https://www.lidl.at/p/kaiser-fasstyp-maerzenbier/p10039827",
    "Availability (Date Range)": "von 23.10. - 25.10."
  },
  {
    "Name": "Märzen",
    "Price": "€15.80",
    "Old Price": "€26.80",
    "Unit": "20 x 0,5 Liter (0,5 l = 0.79)",
    "URL": "https://www.lidl.at/p/murauer-maerzen/p10039828",
    "Availability (Date Range)": "von 23.10. - 25.10."
  },
  {
    "Name": "Märzen",
    "Price": "€16.40",
    "Old Price": "€26.80",
    "Unit": "20 x 0,5 Liter (0,5 l = 0.82)",
    "URL": "https://www.lidl.at/p/murauer-maerzen/p10039829",
    "Availability (Date Range)": "von 23.10. - 25.10."
  },
  {
    "Name": "Griechisches Tzatziki",
    "Price": "€1.29",
    "Old Price": "€N/A",
    "Unit": "250 g (1 kg = 5.16)",
    "URL": "https://www.lidl.at/p/eridanous-griechisches-tzatziki/p10039830",
    "Availability (Date Range)": "von 23.10. - 25.10."
  },
  {
    "Name": "Aufstrich",
    "Price": "€1.99",
    "Old Price": "€N/A",
    "Unit": "125 g (1 kg = 15.92)",
    "URL": "https://www.lidl.at/p/eridanous-aufstrich/p10039831",
    "Availability (Date Range)": "von 23.10. - 25.10."
  },
  {
    "Name": "Cremiger Hirtenkäse",
    "Price": "€1.99",
    "Old Price": "€N/A",
    "Unit": "175 g (1 kg = 11.37)",
    "URL": "https://www.lidl.at/p/eridanous-cremiger-hirtenkaese/p10039832",
    "Availability (Date Range)": "von 23.10. - 25.10."
  },
  {
    "Name": "Ofen-Feta",
    "Price": "€2.99",
    "Old Price": "€N/A",
    "Unit": "110 g (1 kg = 27.18)",
    "URL": "https://www.lidl.at/p/eridanous-ofen-feta/p10039833",
    "Availability (Date Range)": "von 23.10. - 25.10."
  },
  {
    "Name": "Griechischer Feta g.U.",
    "Price": "€4.99",
    "Old Price": "€N/A",
    "Unit": "400 g (1 kg = 12.48)",
    "URL": "https://www.lidl.at/p/eridanous-griechischer-feta-g-u/p10039834",
    "Availability (Date Range)": "von 23.10. - 25.10."
  },
  {
    "Name": "Sesam-Oregano Käsetaschen",
    "Price": "€3.99",
    "Old Price": "€N/A",
    "Unit": "1 kg",
    "URL": "https://www.lidl.at/p/eridanous-sesam-oregano-kaesetaschen/p10039835",
    "Availability (Date Range)": "von 23.10. - 25.10."
  },
  {
    "Name": "Party-Bällchen",
    "Price": "€2.99",
    "Old Price": "€N/A",
    "Unit": "280 g (1 kg = 10.68)",
    "URL": "https://www.lidl.at/p/eridanous-party-baellchen/p10039836",
    "Availability (Date Range)": "von 23.10. - 25.10."
  },
  {
    "Name": "Bauernpita mit Faschiertem",
    "Price": "€5.99",
    "Old Price": "€N/A",
    "Unit": "850 g (1 kg = 7.05)",
    "URL": "https://www.lidl.at/p/eridanous-bauernpita-mit-faschiertem/p10039837",
    "Availability (Date Range)": "von 23.10. - 25.10."
  },
  {
    "Name": "Moussaka oder Griechischer Nudelauflauf",
    "Price": "€2.99",
    "Old Price": "€N/A",
    "Unit": "380 g (1 kg = 7.87)",
    "URL": "https://www.lidl.at/p/eridanous-moussaka-oder-griechischer-nudelauflauf/p10039838",
    "Availability (Date Range)": "von 23.10. - 25.10."
  },
  {
    "Name": "Griechischer Naturjoghurt",
    "Price": "€3.39",
    "Old Price": "€N/A",
    "Unit": "1 kg",
    "URL": "https://www.lidl.at/p/eridanous-griechischer-naturjoghurt/p10039839",
    "Availability (Date Range)": "von 23.10. - 25.10."
  },
  {
    "Name": "Antipasti Mix",
    "Price": "€2.99",
    "Old Price": "€N/A",
    "Unit": "250/300 g (1 kg = 11.96/9.97)",
    "URL": "https://www.lidl.at/p/eridanous-antipasti-mix/p10039840",
    "Availability (Date Range)": "von 23.10. - 25.10."
  },
  {
    "Name": "Antipasti in Öl",
    "Price": "€2.29",
    "Old Price": "€N/A",
    "Unit": "230/250 g (1 kg = 9.96/9.16)",
    "URL": "https://www.lidl.at/p/eridanous-antipasti-in-oel/p10039841",
    "Availability (Date Range)": "von 23.10. - 25.10."
  },
  {
    "Name": "Halloumi g.U.",
    "Price": "€2.59",
    "Old Price": "€3.15",
    "Unit": "225 g (1 kg = 11.51)",
    "URL": "https://www.lidl.at/p/milbona-halloumi-g-u/p10039842",
    "Availability (Date Range)": "von 23.10. - 25.10."
  },
  {
    "Name": "Griechischer Oliven Mix",
    "Price": "€3.99",
    "Old Price": "€N/A",
    "Unit": "400 g (1 kg = 9.98)",
    "URL": "https://www.lidl.at/p/eridanous-griechischer-oliven-mix/p10039843",
    "Availability (Date Range)": "von 23.10. - 25.10."
  },
  {
    "Name": "Käse-Olivenschnecken",
    "Price": "€2.49",
    "Old Price": "€N/A",
    "Unit": "4x 120 g (1 kg = 5.19)",
    "URL": "https://www.lidl.at/p/eridanous-kaese-olivenschnecken/p10039844",
    "Availability (Date Range)": "von 23.10. - 25.10."
  },
  {
    "Name": "Pfannengerichte nach griechischer Art",
    "Price": "€3.49",
    "Old Price": "€N/A",
    "Unit": "600 g (1 kg = 5.82)",
    "URL": "https://www.lidl.at/p/eridanous-pfannengerichte-nach-griechischer-art/p10039845",
    "Availability (Date Range)": "von 23.10. - 25.10."
  },
  {
    "Name": "Käseschnecke",
    "Price": "€4.49",
    "Old Price": "€N/A",
    "Unit": "1 kg",
    "URL": "https://www.lidl.at/p/eridanous-kaeseschnecke/p10039846",
    "Availability (Date Range)": "von 23.10. - 25.10."
  },
  {
    "Name": "Kalmar",
    "Price": "€6.99",
    "Old Price": "€N/A",
    "Unit": "630 g (1 kg = 11.10)",
    "URL": "https://www.lidl.at/p/eridanous-kalmar/p10039847",
    "Availability (Date Range)": "von 23.10. - 25.10."
  },
  {
    "Name": "Octopus-Tentakel",
    "Price": "€13.99",
    "Old Price": "€N/A",
    "Unit": "540 g (1 kg = 25.91)",
    "URL": "https://www.lidl.at/p/eridanous-octopus-tentakel/p10039848",
    "Availability (Date Range)": "von 23.10. - 25.10."
  },
  {
    "Name": "Gyros-Pfanne",
    "Price": "€4.49",
    "Old Price": "€N/A",
    "Unit": "500 g (1 kg = 8.98)",
    "URL": "https://www.lidl.at/p/eridanous-gyros-pfanne/p10039849",
    "Availability (Date Range)": "von 23.10. - 25.10."
  },
  {
    "Name": "Bifteki",
    "Price": "€7.99",
    "Old Price": "€N/A",
    "Unit": "750 g (1 kg = 10.65)",
    "URL": "https://www.lidl.at/p/eridanous-bifteki/p10039850",
    "Availability (Date Range)": "von 23.10. - 25.10."
  },
  {
    "Name": "Grüne Oliven entsteint",
    "Price": "€5.99",
    "Old Price": "€N/A",
    "Unit": "1,7 l (1 kg Abtr. G. = 7.05)",
    "URL": "https://www.lidl.at/p/eridanous-gruene-oliven-entsteint/p10039851",
    "Availability (Date Range)": "von 23.10. - 25.10."
  },
  {
    "Name": "Grüne Oliven gefüllt",
    "Price": "€1.69",
    "Old Price": "€N/A",
    "Unit": "370 ml (1 kg Abtr. G. = 8.45)",
    "URL": "https://www.lidl.at/p/eridanous-gruene-oliven-gefuellt/p10039852",
    "Availability (Date Range)": "von 23.10. - 25.10."
  },
  {
    "Name": "Natives Olivenöl extra aus Kreta",
    "Price": "€27.99",
    "Old Price": "€N/A",
    "Unit": "3 l (1 l = 9.33)",
    "URL": "https://www.lidl.at/p/eridanous-natives-olivenoel-extra-aus-kreta/p10039853",
    "Availability (Date Range)": "von 23.10. - 25.10."
  },
  {
    "Name": "Gefüllte Antipasti",
    "Price": "€2.49",
    "Old Price": "€N/A",
    "Unit": "270 g (1 kg Abtr. G. = 16.60)",
    "URL": "https://www.lidl.at/p/eridanous-gefuellte-antipasti/p10039854",
    "Availability (Date Range)": "von 23.10. - 25.10."
  },
  {
    "Name": "Gewürzzubereitung",
    "Price": "€0.79",
    "Old Price": "€N/A",
    "Unit": "35-50 g (1 kg = 22.57-15.80)",
    "URL": "https://www.lidl.at/p/eridanous-gewuerzzubereitung/p10039855",
    "Availability (Date Range)": "von 23.10. - 25.10."
  },
  {
    "Name": "Griechisches natives Olivenöl extra g.U.",
    "Price": "€9.99",
    "Old Price": "€N/A",
    "Unit": "1 l",
    "URL": "https://www.lidl.at/p/eridanous-griechisches-natives-olivenoel-extra-g-u/p10039856",
    "Availability (Date Range)": "von 23.10. - 25.10."
  },
  {
    "Name": "Greek Style Joghurt",
    "Price": "€0.99",
    "Old Price": "€N/A",
    "Unit": "175 g (1 kg = 5.66)",
    "URL": "https://www.lidl.at/p/schaerdinger-greek-style-joghurt/p10039857",
    "Availability (Date Range)": "von 23.10. - 25.10."
  },
  {
    "Name": "Fertiggericht",
    "Price": "€1.99",
    "Old Price": "€N/A",
    "Unit": "280 g (1 kg = 7.11)",
    "URL": "https://www.lidl.at/p/eridanous-fertiggericht/p10039858",
    "Availability (Date Range)": "von 23.10. - 25.10."
  },
  {
    "Name": "Geräucherter Thunfisch",
    "Price": "€1.99",
    "Old Price": "€N/A",
    "Unit": "160 g (1 kg = 12.44)",
    "URL": "https://www.lidl.at/p/eridanous-geraeucherter-thunfisch/p10039859",
    "Availability (Date Range)": "von 23.10. - 25.10."
  },
  {
    "Name": "Marillenkekse",
    "Price": "€2.49",
    "Old Price": "€N/A",
    "Unit": "330 g (1 kg = 7.55)",
    "URL": "https://www.lidl.at/p/eridanous-marillenkekse/p10039860",
    "Availability (Date Range)": "von 23.10. - 25.10."
  },
  {
    "Name": "Karamellisierte Nüsse",
    "Price": "€1.59",
    "Old Price": "€N/A",
    "Unit": "120/150 g (1 kg = 13.25/10.60)",
    "URL": "https://www.lidl.at/p/eridanous-karamellisierte-nuesse/p10039861",
    "Availability (Date Range)": "von 23.10. - 25.10."
  },
  {
    "Name": "Chips",
    "Price": "€1.59",
    "Old Price": "€N/A",
    "Unit": "200 g (1 kg = 7.95)",
    "URL": "https://www.lidl.at/p/eridanous-chips/p10039862",
    "Availability (Date Range)": "von 23.10. - 25.10."
  },
  {
    "Name": "Kürbiskerne",
    "Price": "€1.79",
    "Old Price": "€N/A",
    "Unit": "200 g (1 kg = 8.95)",
    "URL": "https://www.lidl.at/p/eridanous-kuerbiskerne/p10039863",
    "Availability (Date Range)": "von 23.10. - 25.10."
  },
  {
    "Name": "Sesamriegel oder Softnougat Riegel mit Mandel",
    "Price": "€0.49",
    "Old Price": "€N/A",
    "Unit": "60/​70 g (1 kg = 8.17/​7.00)",
    "URL": "https://www.lidl.at/p/eridanous-sesamriegel-oder-softnougat-riegel-mit-mandel/p10039864",
    "Availability (Date Range)": "von 23.10. - 25.10."
  },
  {
    "Name": "Sesamriegel oder Softnougat Riegel mit Mandel",
    "Price": "€0.79",
    "Old Price": "€N/A",
    "Unit": "60/70 g (1 kg = 13.17/11.29)",
    "URL": "https://www.lidl.at/p/eridanous-sesamriegel-oder-softnougat-riegel-mit-mandel/p10039865",
    "Availability (Date Range)": "von 23.10. - 25.10."
  },
  {
    "Name": "Mini Riegel",
    "Price": "€2.49",
    "Old Price": "€N/A",
    "Unit": "200 g (1 kg = 12.45)",
    "URL": "https://www.lidl.at/p/eridanous-mini-riegel/p10039866",
    "Availability (Date Range)": "von 23.10. - 25.10."
  },
  {
    "Name": "Bier",
    "Price": "€0.79",
    "Old Price": "€N/A",
    "Unit": "Ab 6 Fl. je 0,33 l (0,5 l = 1.20)",
    "URL": "https://www.lidl.at/p/mythos-bier/p10039867",
    "Availability (Date Range)": "von 23.10. - 25.10."
  },
  {
    "Name": "Mavrodaphne P.O.P. Patras",
    "Price": "€3.99",
    "Old Price": "€N/A",
    "Unit": "0,75 l (1 l = 5.32)",
    "URL": "https://www.lidl.at/p/mavrodaphne-p-o-p-patras/p10039868",
    "Availability (Date Range)": "von 23.10. - 25.10."
  },
  {
    "Name": "Ouzo",
    "Price": "€6.99",
    "Old Price": "€8.99",
    "Unit": "0,7 l (1 l = 9.99)",
    "URL": "https://www.lidl.at/p/zachos-ouzo/p10039869",
    "Availability (Date Range)": "von 23.10. - 25.10."
  },
  {
    "Name": "Sekt",
    "Price": "€1.32",
    "Old Price": "€N/A",
    "Unit": "Ab 6 Fl. je 0,75 l (1 l = 1.76)",
    "URL": "https://www.lidl.at/p/burg-schoeneck-sekt/p10039870",
    "Availability (Date Range)": "von 23.10. - 25.10."
  },
  {
    "Name": "Bananen",
    "Price": "€0.99",
    "Old Price": "€1.79",
    "Unit": "kg",
    "URL": "https://www.lidl.at/p/bananen/p10039871",
    "Availability (Date Range)": "von 27.10. - 29.10."
  },
  {
    "Name": "Bananen",
    "Price": "€1.11",
    "Old Price": "€1.79",
    "Unit": "kg",
    "URL": "https://www.lidl.at/p/bananen/p10039872",
    "Availability (Date Range)": "von 27.10. - 29.10."
  },
  {
    "Name": "Kohlsprossen",
    "Price": "€0.99",
    "Old Price": "€1.49",
    "Unit": "500 g (1 kg = 1.98)",
    "URL": "https://www.lidl.at/p/kohlsprossen/p10039873",
    "Availability (Date Range)": "von 27.10. - 29.10."
  },
  {
    "Name": "Cherrystrauchtomaten aus Österreich",
    "Price": "€2.29",
    "Old Price": "€2.99",
    "Unit": "300 g (1 kg = 7.63)",
    "URL": "https://www.lidl.at/p/cherrystrauchtomaten-aus-oesterreich/p10039874",
    "Availability (Date Range)": "von 27.10. - 29.10."
  },
  {
    "Name": "Grapefruit",
    "Price": "€0.44",
    "Old Price": "€N/A",
    "Unit": "Ab 2 Stück je Stk.",
    "URL": "https://www.lidl.at/p/grapefruit/p10039875",
    "Availability (Date Range)": "von 27.10. - 29.10."
  },
  {
    "Name": "Halloween Donut",
    "Price": "€0.69",
    "Old Price": "€N/A",
    "Unit": "Stück",
    "URL": "https://www.lidl.at/p/dots-halloween-donut/p10039876",
    "Availability (Date Range)": "von 27.10. - 29.10."
  },
  {
    "Name": "Krustenlaib",
    "Price": "€1.29",
    "Old Price": "€N/A",
    "Unit": "500 g (1 kg = 2.58)",
    "URL": "https://www.lidl.at/p/krustenlaib/p10039877",
    "Availability (Date Range)": "von 27.10. - 29.10."
  },
  {
    "Name": "Krustenlaib",
    "Price": "€1.89",
    "Old Price": "€N/A",
    "Unit": "500 g (1 kg = 3.78)",
    "URL": "https://www.lidl.at/p/krustenlaib/p10039878",
    "Availability (Date Range)": "von 27.10. - 29.10."
  },
  {
    "Name": "Kürbiskernweckerl",
    "Price": "€0.46",
    "Old Price": "€N/A",
    "Unit": "Ab 3 Stk. je Stk.",
    "URL": "https://www.lidl.at/p/kuerbiskernweckerl/p10039879",
    "Availability (Date Range)": "von 27.10. - 29.10."
  },
  {
    "Name": "Frische Maishendl Leber",
    "Price": "€2.49",
    "Old Price": "€3.69",
    "Unit": "370 g (1 kg = 6.73)",
    "URL": "https://www.lidl.at/p/wiesentaler-frische-maishendl-leber/p10039880",
    "Availability (Date Range)": "von 27.10. - 29.10."
  },
  {
    "Name": "Frischer Puten Rollbraten",
    "Price": "€6.39",
    "Old Price": "€N/A",
    "Unit": "1 kg",
    "URL": "https://www.lidl.at/p/wiesentaler-frischer-puten-rollbraten/p10039881",
    "Availability (Date Range)": "von 27.10. - 29.10."
  },
  {
    "Name": "Frischer Schopfbraten",
    "Price": "€7.99",
    "Old Price": "€N/A",
    "Unit": "1,2 kg (1 kg = 6.66)",
    "URL": "https://www.lidl.at/p/frischer-schopfbraten/p10039882",
    "Availability (Date Range)": "von 27.10. - 29.10."
  },
  {
    "Name": "Frisches Rindsgulaschfleisch",
    "Price": "€11.99",
    "Old Price": "€N/A",
    "Unit": "1 kg",
    "URL": "https://www.lidl.at/p/frisches-rindsgulaschfleisch/p10039883",
    "Availability (Date Range)": "von 27.10. - 29.10."
  },
  {
    "Name": "Frischer Ofenlachs mariniert",
    "Price": "€4.99",
    "Old Price": "€5.99",
    "Unit": "250 g (1 kg = 19.96)",
    "URL": "https://www.lidl.at/p/fischerstolz-frischer-ofenlachs-mariniert/p10039884",
    "Availability (Date Range)": "von 27.10. - 29.10."
  },
  {
    "Name": "XXL Toastschinken",
    "Price": "€2.79",
    "Old Price": "€N/A",
    "Unit": "300 g (1 kg = 9.30)",
    "URL": "https://www.lidl.at/p/wiesentaler-xxl-toastschinken/p10039885",
    "Availability (Date Range)": "von 27.10. - 29.10."
  },
  {
    "Name": "XXL Berner Würstel",
    "Price": "€4.49",
    "Old Price": "€N/A",
    "Unit": "600 g (1 kg = 7.48)",
    "URL": "https://www.lidl.at/p/wiesentaler-xxl-berner-wuerstel/p10039886",
    "Availability (Date Range)": "von 27.10. - 29.10."
  },
  {
    "Name": "Puten Aufschnitt",
    "Price": "€3.49",
    "Old Price": "€N/A",
    "Unit": "300 g (1 kg = 11.63)",
    "URL": "https://www.lidl.at/p/dulano-puten-aufschnitt/p10039887",
    "Availability (Date Range)": "von 27.10. - 29.10."
  },
  {
    "Name": "Kaiserfleisch",
    "Price": "€7.99",
    "Old Price": "€N/A",
    "Unit": "Z.B. je 600 g (1 kg = 13.32)",
    "URL": "https://www.lidl.at/p/alpenfest-kaiserfleisch/p10039888",
    "Availability (Date Range)": "von 27.10. - 29.10."
  },
  {
    "Name": "Schmelzkäsescheiben",
    "Price": "€1.79",
    "Old Price": "€2.19",
    "Unit": "250 g (1 kg = 7.16)",
    "URL": "https://www.lidl.at/p/milbona-schmelzkaesescheiben/p10039889",
    "Availability (Date Range)": "von 27.10. - 29.10."
  },
  {
    "Name": "Sirius Camembert",
    "Price": "€2.99",
    "Old Price": "€N/A",
    "Unit": "300 g (1 kg = 9.97)",
    "URL": "https://www.lidl.at/p/schaerdinger-sirius-camembert/p10039890",
    "Availability (Date Range)": "von 27.10. - 29.10."
  },
  {
    "Name": "Landbaron in Scheiben",
    "Price": "€7.29",
    "Old Price": "€N/A",
    "Unit": "800 g (1 kg = 9.11)",
    "URL": "https://www.lidl.at/p/alpengut-landbaron-in-scheiben/p10039891",
    "Availability (Date Range)": "von 27.10. - 29.10."
  },
  {
    "Name": "Cabanossi",
    "Price": "€2.79",
    "Old Price": "€3.49",
    "Unit": "300 g (1 kg = 9.30)",
    "URL": "https://www.lidl.at/p/wiesentaler-cabanossi/p10039892",
    "Availability (Date Range)": "von 27.10. - 29.10."
  },
  {
    "Name": "Frischer Blätterteig",
    "Price": "€0.79",
    "Old Price": "€-.99",
    "Unit": "Ab 2 Stk. je 275 g (1 kg = 2.87)",
    "URL": "https://www.lidl.at/p/chef-select-frischer-blaetterteig/p10039893",
    "Availability (Date Range)": "von 27.10. - 29.10."
  },
  {
    "Name": "Müllermilch",
    "Price": "€0.99",
    "Old Price": "€N/A",
    "Unit": "400 ml (1 l = 2.48)",
    "URL": "https://www.lidl.at/p/mueller-muellermilch/p10039894",
    "Availability (Date Range)": "von 27.10. - 29.10."
  },
  {
    "Name": "Café to Go",
    "Price": "€0.89",
    "Old Price": "€N/A",
    "Unit": "250 ml (1 l = 3.56)",
    "URL": "https://www.lidl.at/p/noem-cafe-to-go/p10039895",
    "Availability (Date Range)": "von 27.10. - 29.10."
  },
  {
    "Name": "Knusperjoghurt 2 Kammern",
    "Price": "€0.46",
    "Old Price": "€N/A",
    "Unit": "Ab 3 Becher je 175 g (1 kg = 2.63)",
    "URL": "https://www.lidl.at/p/milbona-knusperjoghurt-2-kammern/p10039896",
    "Availability (Date Range)": "von 27.10. - 29.10."
  },
  {
    "Name": "Naturjoghurt",
    "Price": "€0.99",
    "Old Price": "€1.19",
    "Unit": "4x 150 g (1 kg = 1.65 )",
    "URL": "https://www.lidl.at/p/milbona-naturjoghurt/p10039897",
    "Availability (Date Range)": "von 27.10. - 29.10."
  },
  {
    "Name": "Bergkäse",
    "Price": "€8.99",
    "Old Price": "€N/A",
    "Unit": "600 g (1 kg = 14.98)",
    "URL": "https://www.lidl.at/p/walserstolz-bergkaese/p10039898",
    "Availability (Date Range)": "von 27.10. - 29.10."
  },
  {
    "Name": "Ofenkäse",
    "Price": "€4.99",
    "Old Price": "€N/A",
    "Unit": "320 g (1 kg = 15.59)",
    "URL": "https://www.lidl.at/p/rougette-ofenkaese/p10039899",
    "Availability (Date Range)": "von 27.10. - 29.10."
  },
  {
    "Name": "Kefir natur",
    "Price": "€0.79",
    "Old Price": "€-.99",
    "Unit": "Ab 2 Stk. je 500 g (1 kg = 1.58)",
    "URL": "https://www.lidl.at/p/alpengut-kefir-natur/p10039900",
    "Availability (Date Range)": "von 27.10. - 29.10."
  },
  {
    "Name": "Steinofen Flammkuchen/Pizza",
    "Price": "€4.99",
    "Old Price": "€N/A",
    "Unit": "600/700 g (1 kg = 8.32/7.13)",
    "URL": "https://www.lidl.at/p/original-wagner-steinofen-flammkuchen-pizza/p10039901",
    "Availability (Date Range)": "von 27.10. - 29.10."
  },
  {
    "Name": "Bio Eier",
    "Price": "€4.49",
    "Old Price": "€N/A",
    "Unit": "12 Stück (1 Stk. = 0.37)",
    "URL": "https://www.lidl.at/p/ein-gutes-stueck-heimat-bio-eier/p10039902",
    "Availability (Date Range)": "von 27.10. - 29.10."
  },
  {
    "Name": "Kaffee Gold im Geschenk-set",
    "Price": "€6.99",
    "Old Price": "€N/A",
    "Unit": "500 g (1 kg = 13.98)",
    "URL": "https://www.lidl.at/p/grand-kaffee-gold-im-geschenk-set/p10039903",
    "Availability (Date Range)": "von 27.10. - 29.10."
  },
  {
    "Name": "Classic",
    "Price": "€6.99",
    "Old Price": "€13.49",
    "Unit": "200 g (1 kg = 34.95)",
    "URL": "https://www.lidl.at/p/nescafe-classic/p10039904",
    "Availability (Date Range)": "von 27.10. - 29.10."
  },
  {
    "Name": "Birnen in Traubensaft",
    "Price": "€1.66",
    "Old Price": "€N/A",
    "Unit": "Ab 12 Dosen je 850 ml (1 l = 1.95)",
    "URL": "https://www.lidl.at/p/freshona-birnen-in-traubensaft/p10039905",
    "Availability (Date Range)": "von 27.10. - 29.10."
  },
  {
    "Name": "Milch Kakao",
    "Price": "€0.99",
    "Old Price": "€N/A",
    "Unit": "3x 200 ml (1 l = 1.65)",
    "URL": "https://www.lidl.at/p/gmundner-milch-kakao/p10039906",
    "Availability (Date Range)": "von 27.10. - 29.10."
  },
  {
    "Name": "Landbrot 100% Dinkel",
    "Price": "€3.19",
    "Old Price": "€3.99",
    "Unit": "450 g (1 kg = 7.09)",
    "URL": "https://www.lidl.at/p/oelz-landbrot-100-dinkel/p10039907",
    "Availability (Date Range)": "von 27.10. - 29.10."
  },
  {
    "Name": "Bio Natives Olivenöl Extra",
    "Price": "€8.29",
    "Old Price": "€9.95",
    "Unit": "0,75 Liter (1 l = 11.05)",
    "URL": "https://www.lidl.at/p/primadonna-bio-natives-olivenoel-extra/p10039908",
    "Availability (Date Range)": "von 27.10. - 29.10."
  },
  {
    "Name": "Bueno",
    "Price": "€1.99",
    "Old Price": "€N/A",
    "Unit": "117/129 g (1 kg = 17.01/15.43)",
    "URL": "https://www.lidl.at/p/kinder-bueno/p10039909",
    "Availability (Date Range)": "von 27.10. - 29.10."
  },
  {
    "Name": "Duplo, Riegel oder Country",
    "Price": "€2.89",
    "Old Price": "€N/A",
    "Unit": "182-211,5 g (1 kg = 15.88-13.66)",
    "URL": "https://www.lidl.at/p/kinder-duplo-riegel-oder-country/p10039910",
    "Availability (Date Range)": "von 27.10. - 29.10."
  },
  {
    "Name": "Apfelsaft gespritzt oder Leichter Apfel",
    "Price": "€0.36",
    "Old Price": "€N/A",
    "Unit": "Ab 9 Fl. je 0,5 l (1 l = 0.72)",
    "URL": "https://www.lidl.at/p/freeway-apfelsaft-gespritzt-oder-leichter-apfel/p10039911",
    "Availability (Date Range)": "von 27.10. - 29.10."
  },
  {
    "Name": "Mineralwasser",
    "Price": "€0.32",
    "Old Price": "€N/A",
    "Unit": "Ab 6 Fl. je 1,5 l (1 l = 0.21)",
    "URL": "https://www.lidl.at/p/juvina-mineralwasser/p10039912",
    "Availability (Date Range)": "von 27.10. - 29.10."
  },
  {
    "Name": "Giotto",
    "Price": "€3.19",
    "Old Price": "€N/A",
    "Unit": "154 g (1 kg = 20.71)",
    "URL": "https://www.lidl.at/p/ferrero-giotto/p10039913",
    "Availability (Date Range)": "von 27.10. - 29.10."
  },
  {
    "Name": "Limonade",
    "Price": "€0.99",
    "Old Price": "€N/A",
    "Unit": "1 l",
    "URL": "https://www.lidl.at/p/almdudler-limonade/p10039914",
    "Availability (Date Range)": "von 27.10. - 29.10."
  },
  {
    "Name": "Limonade",
    "Price": "€0.69",
    "Old Price": "€N/A",
    "Unit": "0,5 l (1 l = 1.38)",
    "URL": "https://www.lidl.at/p/keli-limonade/p10039915",
    "Availability (Date Range)": "von 27.10. - 29.10."
  },
  {
    "Name": "Thunfischfilets",
    "Price": "€5.99",
    "Old Price": "€N/A",
    "Unit": "4x 185 g (1 kg = 8.09)",
    "URL": "https://www.lidl.at/p/nixe-thunfischfilets/p10039916",
    "Availability (Date Range)": "von 27.10. - 29.10."
  },
  {
    "Name": "Cola, Zero oder Fanta",
    "Price": "€4.72",
    "Old Price": "€N/A",
    "Unit": "8x 0,33 l (1 l = 1.79)",
    "URL": "https://www.lidl.at/p/coca-cola-cola-zero-oder-fanta/p10039919",
    "Availability (Date Range)": "von 27.10. - 29.10."
  },
  {
    "Name": "Cola, Zero oder Fanta",
    "Price": "€5.20",
    "Old Price": "€N/A",
    "Unit": "8x 0,33 l (1 l = 1.97)",
    "URL": "https://www.lidl.at/p/coca-cola-cola-zero-oder-fanta/p10039920",
    "Availability (Date Range)": "von 27.10. - 29.10."
  },
  {
    "Name": "Activia",
    "Price": "€3.49",
    "Old Price": "€N/A",
    "Unit": "8x 115 g (1 kg = 3.79)",
    "URL": "https://www.lidl.at/p/danone-activia/p10039921",
    "Availability (Date Range)": "von 27.10. - 29.10."
  },
  {
    "Name": "Activia",
    "Price": "€3.69",
    "Old Price": "€N/A",
    "Unit": "8x 115 g (1 kg = 4.01)",
    "URL": "https://www.lidl.at/p/danone-activia/p10039922",
    "Availability (Date Range)": "von 27.10. - 29.10."
  },
  {
    "Name": "Premium King Prawns",
    "Price": "€7.99",
    "Old Price": "€9.99",
    "Unit": "450 g (1 kg = 17.76)",
    "URL": "https://www.lidl.at/p/ocean-sea-premium-king-prawns/p10039923",
    "Availability (Date Range)": "von 27.10. - 29.10."
  },
  {
    "Name": "Braunschweiger",
    "Price": "€2.79",
    "Old Price": "€3.69",
    "Unit": "500 g (1 kg = 5.58)",
    "URL": "https://www.lidl.at/p/wiesentaler-braunschweiger/p10039924",
    "Availability (Date Range)": "von 27.10. - 29.10."
  },
  {
    "Name": "Streichkäse",
    "Price": "€1.99",
    "Old Price": "€N/A",
    "Unit": "175 g (1 kg = 11.37)",
    "URL": "https://www.lidl.at/p/rupp-streichkaese/p10039925",
    "Availability (Date Range)": "von 27.10. - 29.10."
  },
  {
    "Name": "Streichkäse",
    "Price": "€2.19",
    "Old Price": "€N/A",
    "Unit": "175 g (1 kg = 12.51)",
    "URL": "https://www.lidl.at/p/rupp-streichkaese/p10039926",
    "Availability (Date Range)": "von 27.10. - 29.10."
  }
]