{
    "metadata": {
        "totalOffers": 1359,
        "mergedFromFiles": 5,
        "dateGenerated": "2025-10-26T21:12:05.117499"
    },
    "mergedOffers": [
        {
            "productName": "Casali Schokobananen",
            "category": "Sweets",
            "currentPrice": "2.47€",
            "oldPrice": "4.39€",
            "packageSize": "24 Stk.",
            "unitPrice": "N/A",
            "discount": "-43%",
            "availabilityDateRange": "24.10. - 25.10.2025",
            "productHash": "casali_schokobananen24_stksweets",
            "offerEndDate": "2025-10-29",
            "offerStartDate": "2025-10-24",
            "currentPriceNumeric": 2.47,
            "oldPriceNumeric": 4.39,
            "storeName": "BILLA"
        },
        {
            "productName": "Milka Schokolade",
            "category": "Sweets",
            "currentPrice": "0.99€",
            "oldPrice": "1.99€",
            "packageSize": "87 - 100 g",
            "unitPrice": "11.37/kg",
            "discount": "-50%",
            "availabilityDateRange": "24.10. - 25.10.2025",
            "productHash": "milka_schokolade87_100_gsweets",
            "offerEndDate": "2025-10-29",
            "offerStartDate": "2025-10-24",
            "currentPriceNumeric": 0.99,
            "oldPriceNumeric": 1.99,
            "storeName": "BILLA"
        },
        {
            "productName": "Heidelbeeren",
            "category": "Fruits",
            "currentPrice": "1.49€",
            "oldPrice": "2.35€",
            "packageSize": "125 g Tasse",
            "unitPrice": "11.92/kg",
            "discount": "-37%",
            "availabilityDateRange": "23.10. - 29.10.2025",
            "productHash": "heidelbeeren125_g_tassefruits",
            "offerEndDate": "2025-10-29",
            "offerStartDate": "2025-10-23",
            "currentPriceNumeric": 1.49,
            "oldPriceNumeric": 2.35,
            "storeName": "BILLA"
        },
        {
            "productName": "clever Schweinefilet",
            "category": "Meat & Poultry",
            "currentPrice": "6.69€",
            "oldPrice": "N/A",
            "packageSize": "per Kilo",
            "unitPrice": "6.69/kg",
            "discount": "N/A",
            "availabilityDateRange": "23.10. - 29.10.2025",
            "productHash": "clever_schweinefiletper_kilomeat_poultry",
            "offerEndDate": "2025-10-29",
            "offerStartDate": "2025-10-23",
            "currentPriceNumeric": 6.69,
            "oldPriceNumeric": null,
            "storeName": "BILLA"
        },
        {
            "productName": "Zwettler Export Lager",
            "category": "Beer",
            "currentPrice": "13.80€",
            "oldPrice": "23.60€",
            "packageSize": "1 Kiste + 20 Flaschen",
            "unitPrice": "1.38/liter",
            "discount": "-41%",
            "availabilityDateRange": "23.10. - 29.10.2025",
            "productHash": "zwettler_export_lager1_kiste_20_flaschenbeer",
            "offerEndDate": "2025-10-29",
            "offerStartDate": "2025-10-23",
            "currentPriceNumeric": 13.8,
            "oldPriceNumeric": 23.6,
            "storeName": "BILLA"
        },
        {
            "productName": "Lindt Excellence Schokolade",
            "category": "Sweets",
            "currentPrice": "2.24€",
            "oldPrice": "2.99€",
            "packageSize": "80 - 100 g",
            "unitPrice": "N/A",
            "discount": "25% off",
            "availabilityDateRange": "24.10. - 25.10.2025",
            "productHash": "lindt_excellence_schokolade80_100_gsweets",
            "offerEndDate": "2025-10-29",
            "offerStartDate": "2025-10-24",
            "currentPriceNumeric": 2.24,
            "oldPriceNumeric": 2.99,
            "storeName": "BILLA"
        },
        {
            "productName": "Kinder Überraschung",
            "category": "Sweets",
            "currentPrice": "2.24€",
            "oldPrice": "2.99€",
            "packageSize": "3 Stk., 60 g Packung",
            "unitPrice": "37.33/kg",
            "discount": "25% off",
            "availabilityDateRange": "23.10. - 29.10.2025",
            "productHash": "kinder_überraschung3_stk_60_g_packungsweets",
            "offerEndDate": "2025-10-29",
            "offerStartDate": "2025-10-23",
            "currentPriceNumeric": 2.24,
            "oldPriceNumeric": 2.99,
            "storeName": "BILLA"
        },
        {
            "productName": "Manner Schnittenkuchen",
            "category": "Baked Goods",
            "currentPrice": "2.77€",
            "oldPrice": "4.29€",
            "packageSize": "300 g - 400 g",
            "unitPrice": "N/A",
            "discount": "25% off",
            "availabilityDateRange": "24.10. - 25.10.2025",
            "productHash": "manner_schnittenkuchen300_g_400_gbaked_goods",
            "offerEndDate": "2025-10-29",
            "offerStartDate": "2025-10-24",
            "currentPriceNumeric": 2.77,
            "oldPriceNumeric": 4.29,
            "storeName": "BILLA"
        },
        {
            "productName": "Nömiz Schwedenbomben",
            "category": "Sweets",
            "currentPrice": "1.49€",
            "oldPrice": "2.79€",
            "packageSize": "200 g",
            "unitPrice": "N/A",
            "discount": "25% off",
            "availabilityDateRange": "24.10. - 25.10.2025",
            "productHash": "nömiz_schwedenbomben200_gsweets",
            "offerEndDate": "2025-10-29",
            "offerStartDate": "2025-10-24",
            "currentPriceNumeric": 1.49,
            "oldPriceNumeric": 2.79,
            "storeName": "BILLA"
        },
        {
            "productName": "Austria Mozartkugeln",
            "category": "Sweets",
            "currentPrice": "3.67€",
            "oldPrice": "5.69€",
            "packageSize": "14er/15er Pkg. 231 g - 264 g",
            "unitPrice": "N/A",
            "discount": "25% off",
            "availabilityDateRange": "24.10. - 25.10.2025",
            "productHash": "austria_mozartkugeln14er15er_pkg_231_g_264_gsweets",
            "offerEndDate": "2025-10-29",
            "offerStartDate": "2025-10-24",
            "currentPriceNumeric": 3.67,
            "oldPriceNumeric": 5.69,
            "storeName": "BILLA"
        },
        {
            "productName": "Ildefonso Bonbonniere",
            "category": "Sweets",
            "currentPrice": "5.17€",
            "oldPrice": "8.59€",
            "packageSize": "200 g",
            "unitPrice": "N/A",
            "discount": "25% off",
            "availabilityDateRange": "24.10. - 25.10.2025",
            "productHash": "ildefonso_bonbonniere200_gsweets",
            "offerEndDate": "2025-10-29",
            "offerStartDate": "2025-10-24",
            "currentPriceNumeric": 5.17,
            "oldPriceNumeric": 8.59,
            "storeName": "BILLA"
        },
        {
            "productName": "Speisekürbis Hokkaido",
            "category": "Vegetables",
            "currentPrice": "1.69€",
            "oldPrice": "1.99€",
            "packageSize": "per Kilo",
            "unitPrice": "1.69/kg",
            "discount": "-0.30€",
            "availabilityDateRange": "23.10. - 29.10.2025",
            "productHash": "speisekürbis_hokkaidoper_kilovegetables",
            "offerEndDate": "2025-10-29",
            "offerStartDate": "2025-10-23",
            "currentPriceNumeric": 1.69,
            "oldPriceNumeric": 1.99,
            "storeName": "BILLA"
        },
        {
            "productName": "Speisekürbis Butternuss",
            "category": "Vegetables",
            "currentPrice": "1.69€",
            "oldPrice": "1.99€",
            "packageSize": "per Kilo",
            "unitPrice": "1.69/kg",
            "discount": "-0.30€",
            "availabilityDateRange": "23.10. - 29.10.2025",
            "productHash": "speisekürbis_butternussper_kilovegetables",
            "offerEndDate": "2025-10-29",
            "offerStartDate": "2025-10-23",
            "currentPriceNumeric": 1.69,
            "oldPriceNumeric": 1.99,
            "storeName": "BILLA"
        },
        {
            "productName": "Simply Good Blattsalat",
            "category": "Vegetables",
            "currentPrice": "1.49€",
            "oldPrice": "1.99€",
            "packageSize": "125 g Packung",
            "unitPrice": "11.92/kg",
            "discount": "25%",
            "availabilityDateRange": "23.10. - 29.10.2025",
            "productHash": "simply_good_blattsalat125_g_packungvegetables",
            "offerEndDate": "2025-10-29",
            "offerStartDate": "2025-10-23",
            "currentPriceNumeric": 1.49,
            "oldPriceNumeric": 1.99,
            "storeName": "BILLA"
        },
        {
            "productName": "Ditta Laurer Erdäpfel festkochend",
            "category": "Vegetables",
            "currentPrice": "0.99€",
            "oldPrice": "1.59€",
            "packageSize": "Kl. 1 kg",
            "unitPrice": "0.99/kg",
            "discount": "37%",
            "availabilityDateRange": "23.10. - 29.10.2025",
            "productHash": "ditta_laurer_erdäpfel_festkochendkl_1_kgvegetables",
            "offerEndDate": "2025-10-29",
            "offerStartDate": "2025-10-23",
            "currentPriceNumeric": 0.99,
            "oldPriceNumeric": 1.59,
            "storeName": "BILLA"
        },
        {
            "productName": "Eissalat",
            "category": "Vegetables",
            "currentPrice": "1.19€",
            "oldPrice": "1.79€",
            "packageSize": "per Stück",
            "unitPrice": "N/A",
            "discount": "33%",
            "availabilityDateRange": "23.10. - 29.10.2025",
            "productHash": "eissalatper_stückvegetables",
            "offerEndDate": "2025-10-29",
            "offerStartDate": "2025-10-23",
            "currentPriceNumeric": 1.19,
            "oldPriceNumeric": 1.79,
            "storeName": "BILLA"
        },
        {
            "productName": "BILLA immer gut Kaki",
            "category": "Fruits",
            "currentPrice": "0.59€",
            "oldPrice": "0.99€",
            "packageSize": "per Stück",
            "unitPrice": "N/A",
            "discount": "40%",
            "availabilityDateRange": "23.10. - 29.10.2025",
            "productHash": "billa_immer_gut_kakiper_stückfruits",
            "offerEndDate": "2025-10-29",
            "offerStartDate": "2025-10-23",
            "currentPriceNumeric": 0.59,
            "oldPriceNumeric": 0.99,
            "storeName": "BILLA"
        },
        {
            "productName": "Karfiol",
            "category": "Vegetables",
            "currentPrice": "1.59€",
            "oldPrice": "2.49€",
            "packageSize": "Kl. I per Stück",
            "unitPrice": "N/A",
            "discount": "36%",
            "availabilityDateRange": "23.10. - 29.10.2025",
            "productHash": "karfiolkl_i_per_stückvegetables",
            "offerEndDate": "2025-10-29",
            "offerStartDate": "2025-10-23",
            "currentPriceNumeric": 1.59,
            "oldPriceNumeric": 2.49,
            "storeName": "BILLA"
        },
        {
            "productName": "SanLucar Zitronen",
            "category": "Fruits",
            "currentPrice": "0.66€",
            "oldPrice": "0.99€",
            "packageSize": "lose, per Stück",
            "unitPrice": "N/A",
            "discount": "2+1 Gratis",
            "availabilityDateRange": "23.10. - 29.10.2025",
            "productHash": "sanlucar_zitronenlose_per_stückfruits",
            "offerEndDate": "2025-10-29",
            "offerStartDate": "2025-10-23",
            "currentPriceNumeric": 0.66,
            "oldPriceNumeric": 0.99,
            "storeName": "BILLA"
        },
        {
            "productName": "Effin Rollheringe / Teufelroller",
            "category": "Fish & Seafood",
            "currentPrice": "3.79€",
            "oldPrice": "5.39€",
            "packageSize": "400 g (ATG 150-180g)",
            "unitPrice": "N/A",
            "discount": "29%",
            "availabilityDateRange": "23.10. - 29.10.2025",
            "productHash": "effin_rollheringe_teufelroller400_g_atg_150_180gfish_seafood",
            "offerEndDate": "2025-10-29",
            "offerStartDate": "2025-10-23",
            "currentPriceNumeric": 3.79,
            "oldPriceNumeric": 5.39,
            "storeName": "BILLA"
        },
        {
            "productName": "Hofstädter frisches Schweinsschnitzel",
            "category": "Meat & Poultry",
            "currentPrice": "4.99€",
            "oldPrice": "5.99€",
            "packageSize": "ca. 500 g",
            "unitPrice": "9.98/kg",
            "discount": "-1.00€",
            "availabilityDateRange": "23.10. - 29.10.2025",
            "productHash": "hofstädter_frisches_schweinsschnitzelca_500_gmeat_poultry",
            "offerEndDate": "2025-10-29",
            "offerStartDate": "2025-10-23",
            "currentPriceNumeric": 4.99,
            "oldPriceNumeric": 5.99,
            "storeName": "BILLA"
        },
        {
            "productName": "BILLA Isländischer Räucherlachs",
            "category": "Fish & Seafood",
            "currentPrice": "3.99€",
            "oldPrice": "7.99€",
            "packageSize": "100 g Packung",
            "unitPrice": "39.90/kg",
            "discount": "1+1 Gratis",
            "availabilityDateRange": "23.10. - 29.10.2025",
            "productHash": "billa_isländischer_räucherlachs100_g_packungfish_seafood",
            "offerEndDate": "2025-10-29",
            "offerStartDate": "2025-10-23",
            "currentPriceNumeric": 3.99,
            "oldPriceNumeric": 7.99,
            "storeName": "BILLA"
        },
        {
            "productName": "Hofstädter Hühnerkeulen",
            "category": "Meat & Poultry",
            "currentPrice": "9.99€",
            "oldPrice": "11.99€",
            "packageSize": "per Kilo",
            "unitPrice": "9.99/kg",
            "discount": "-2.00€",
            "availabilityDateRange": "23.10. - 29.10.2025",
            "productHash": "hofstädter_hühnerkeulenper_kilomeat_poultry",
            "offerEndDate": "2025-10-29",
            "offerStartDate": "2025-10-23",
            "currentPriceNumeric": 9.99,
            "oldPriceNumeric": 11.99,
            "storeName": "BILLA"
        },
        {
            "productName": "clever Ofen/Grill Lachs Kräuter",
            "category": "Fish & Seafood",
            "currentPrice": "4.49€",
            "oldPrice": "5.99€",
            "packageSize": "250 g",
            "unitPrice": "17.96/kg",
            "discount": "25%",
            "availabilityDateRange": "23.10. - 29.10.2025",
            "productHash": "clever_ofengrill_lachs_kräuter250_gfish_seafood",
            "offerEndDate": "2025-10-29",
            "offerStartDate": "2025-10-23",
            "currentPriceNumeric": 4.49,
            "oldPriceNumeric": 5.99,
            "storeName": "BILLA"
        },
        {
            "productName": "Hofstädter Hendl-Filet",
            "category": "Meat & Poultry",
            "currentPrice": "15.99€",
            "oldPrice": "19.99€",
            "packageSize": "per Kilo",
            "unitPrice": "15.99/kg",
            "discount": "-4.00€",
            "availabilityDateRange": "23.10. - 29.10.2025",
            "productHash": "hofstädter_hendl_filetper_kilomeat_poultry",
            "offerEndDate": "2025-10-29",
            "offerStartDate": "2025-10-23",
            "currentPriceNumeric": 15.99,
            "oldPriceNumeric": 19.99,
            "storeName": "BILLA"
        },
        {
            "productName": "clever Hühnerbrüste",
            "category": "Meat & Poultry",
            "currentPrice": "6.99€",
            "oldPrice": "N/A",
            "packageSize": "per Kilo",
            "unitPrice": "6.99/kg",
            "discount": "N/A",
            "availabilityDateRange": "23.10. - 29.10.2025",
            "productHash": "clever_hühnerbrüsteper_kilomeat_poultry",
            "offerEndDate": "2025-10-29",
            "offerStartDate": "2025-10-23",
            "currentPriceNumeric": 6.99,
            "oldPriceNumeric": null,
            "storeName": "BILLA"
        },
        {
            "productName": "Schweinskarree",
            "category": "Meat & Poultry",
            "currentPrice": "2.99€",
            "oldPrice": "4.03€",
            "packageSize": "in einer Jul, per Stück",
            "unitPrice": "N/A",
            "discount": "25%",
            "availabilityDateRange": "23.10. - 29.10.2025",
            "productHash": "schweinskarreein_einer_jul_per_stückmeat_poultry",
            "offerEndDate": "2025-10-29",
            "offerStartDate": "2025-10-23",
            "currentPriceNumeric": 2.99,
            "oldPriceNumeric": 4.03,
            "storeName": "BILLA"
        },
        {
            "productName": "Berger Backofen- oder Kräuterrollschinken",
            "category": "Processed Meat",
            "currentPrice": "1.89€",
            "oldPrice": "2.45€ - 2.79€",
            "packageSize": "per 100 g",
            "unitPrice": "18.90/kg",
            "discount": "bis zu -32%",
            "availabilityDateRange": "23.10. - 29.10.2025",
            "productHash": "berger_backofen_oder_kräuterrollschinkenper_100_gprocessed_m",
            "offerEndDate": "2025-10-29",
            "offerStartDate": "2025-10-23",
            "currentPriceNumeric": 1.89,
            "oldPriceNumeric": 2.45,
            "storeName": "BILLA"
        },
        {
            "productName": "Hofstädter Toastschinken",
            "category": "Processed Meat",
            "currentPrice": "1.49€",
            "oldPrice": "2.29€",
            "packageSize": "per 100 g",
            "unitPrice": "14.90/kg",
            "discount": "35%",
            "availabilityDateRange": "23.10. - 29.10.2025",
            "productHash": "hofstädter_toastschinkenper_100_gprocessed_meat",
            "offerEndDate": "2025-10-29",
            "offerStartDate": "2025-10-23",
            "currentPriceNumeric": 1.49,
            "oldPriceNumeric": 2.29,
            "storeName": "BILLA"
        },
        {
            "productName": "Hofstädter Heißgeräucherter Saumagen",
            "category": "Processed Meat",
            "currentPrice": "1.99€",
            "oldPrice": "2.79€",
            "packageSize": "per 100 g",
            "unitPrice": "19.90/kg",
            "discount": "28%",
            "availabilityDateRange": "23.10. - 29.10.2025",
            "productHash": "hofstädter_heißgeräucherter_saumagenper_100_gprocessed_meat",
            "offerEndDate": "2025-10-29",
            "offerStartDate": "2025-10-23",
            "currentPriceNumeric": 1.99,
            "oldPriceNumeric": 2.79,
            "storeName": "BILLA"
        },
        {
            "productName": "Staudinger Landjäger klassik",
            "category": "Processed Meat",
            "currentPrice": "1.69€",
            "oldPrice": "2.09€",
            "packageSize": "per 100 g",
            "unitPrice": "16.90/kg",
            "discount": "-0.40€",
            "availabilityDateRange": "23.10. - 29.10.2025",
            "productHash": "staudinger_landjäger_klassikper_100_gprocessed_meat",
            "offerEndDate": "2025-10-29",
            "offerStartDate": "2025-10-23",
            "currentPriceNumeric": 1.69,
            "oldPriceNumeric": 2.09,
            "storeName": "BILLA"
        },
        {
            "productName": "Berger Salanettis",
            "category": "Processed Meat",
            "currentPrice": "1.99€",
            "oldPrice": "2.79€",
            "packageSize": "90 g",
            "unitPrice": "22.11/kg",
            "discount": "28%",
            "availabilityDateRange": "23.10. - 29.10.2025",
            "productHash": "berger_salanettis90_gprocessed_meat",
            "offerEndDate": "2025-10-29",
            "offerStartDate": "2025-10-23",
            "currentPriceNumeric": 1.99,
            "oldPriceNumeric": 2.79,
            "storeName": "BILLA"
        },
        {
            "productName": "Wiesbauer Bergsteiger",
            "category": "Processed Meat",
            "currentPrice": "1.99€",
            "oldPrice": "N/A",
            "packageSize": "80 g",
            "unitPrice": "24.88/kg",
            "discount": "2+1 Gratis",
            "availabilityDateRange": "23.10. - 29.10.2025",
            "productHash": "wiesbauer_bergsteiger80_gprocessed_meat",
            "offerEndDate": "2025-10-29",
            "offerStartDate": "2025-10-23",
            "currentPriceNumeric": 1.99,
            "oldPriceNumeric": null,
            "storeName": "BILLA"
        },
        {
            "productName": "Wiesbauer Geräucherte, gebraten, polnische Spezial",
            "category": "Processed Meat",
            "currentPrice": "1.99€",
            "oldPrice": "N/A",
            "packageSize": "100 g",
            "unitPrice": "19.90/kg",
            "discount": "N/A",
            "availabilityDateRange": "23.10. - 29.10.2025",
            "productHash": "wiesbauer_geräucherte_gebraten_polnische_spezial100_gprocess",
            "offerEndDate": "2025-10-29",
            "offerStartDate": "2025-10-23",
            "currentPriceNumeric": 1.99,
            "oldPriceNumeric": null,
            "storeName": "BILLA"
        },
        {
            "productName": "Radatz Feine Extra",
            "category": "Processed Meat",
            "currentPrice": "3.99€",
            "oldPrice": "N/A",
            "packageSize": "1.000 g Stange",
            "unitPrice": "3.99/kg",
            "discount": "N/A",
            "availabilityDateRange": "23.10. - 29.10.2025",
            "productHash": "radatz_feine_extra1000_g_stangeprocessed_meat",
            "offerEndDate": "2025-10-29",
            "offerStartDate": "2025-10-23",
            "currentPriceNumeric": 3.99,
            "oldPriceNumeric": null,
            "storeName": "BILLA"
        },
        {
            "productName": "Radatz Bauernschinken",
            "category": "Processed Meat",
            "currentPrice": "2.99€",
            "oldPrice": "4.39€",
            "packageSize": "div. Sorten, 100 g",
            "unitPrice": "29.90/kg",
            "discount": "31%",
            "availabilityDateRange": "23.10. - 29.10.2025",
            "productHash": "radatz_bauernschinkendiv_sorten_100_gprocessed_meat",
            "offerEndDate": "2025-10-29",
            "offerStartDate": "2025-10-23",
            "currentPriceNumeric": 2.99,
            "oldPriceNumeric": 4.39,
            "storeName": "BILLA"
        },
        {
            "productName": "Schärdinger Jausenkäse",
            "category": "Cheese",
            "currentPrice": "1.59€",
            "oldPrice": "2.45€",
            "packageSize": "div. Sorten, 100 g",
            "unitPrice": "15.90/kg",
            "discount": "35%",
            "availabilityDateRange": "23.10. - 29.10.2025",
            "productHash": "schärdinger_jausenkäsediv_sorten_100_gcheese",
            "offerEndDate": "2025-10-29",
            "offerStartDate": "2025-10-23",
            "currentPriceNumeric": 1.59,
            "oldPriceNumeric": 2.45,
            "storeName": "BILLA"
        },
        {
            "productName": "Schärdinger Rahm-Emmentaler",
            "category": "Cheese",
            "currentPrice": "1.99€",
            "oldPrice": "2.75€",
            "packageSize": "100 g - 150 g",
            "unitPrice": "N/A",
            "discount": "28%",
            "availabilityDateRange": "23.10. - 29.10.2025",
            "productHash": "schärdinger_rahm_emmentaler100_g_150_gcheese",
            "offerEndDate": "2025-10-29",
            "offerStartDate": "2025-10-23",
            "currentPriceNumeric": 1.99,
            "oldPriceNumeric": 2.75,
            "storeName": "BILLA"
        },
        {
            "productName": "BILLA & BILLA PLUS Heumilch Käse",
            "category": "Cheese",
            "currentPrice": "1.99€",
            "oldPrice": "2.79€",
            "packageSize": "100 g - 130 g",
            "unitPrice": "N/A",
            "discount": "-1.20€",
            "availabilityDateRange": "23.10. - 29.10.2025",
            "productHash": "billa_billa_plus_heumilch_käse100_g_130_gcheese",
            "offerEndDate": "2025-10-29",
            "offerStartDate": "2025-10-23",
            "currentPriceNumeric": 1.99,
            "oldPriceNumeric": 2.79,
            "storeName": "BILLA"
        },
        {
            "productName": "Mini-Babybel",
            "category": "Cheese",
            "currentPrice": "1.99€",
            "oldPrice": "2.58€",
            "packageSize": "5 x 20 g (100 g)",
            "unitPrice": "19.90/kg",
            "discount": "-1.20€",
            "availabilityDateRange": "23.10. - 29.10.2025",
            "productHash": "mini_babybel5_x_20_g_100_gcheese",
            "offerEndDate": "2025-10-29",
            "offerStartDate": "2025-10-23",
            "currentPriceNumeric": 1.99,
            "oldPriceNumeric": 2.58,
            "storeName": "BILLA"
        },
        {
            "productName": "Brunch Kräuter",
            "category": "Dairy",
            "currentPrice": "1.89€",
            "oldPrice": "2.69€",
            "packageSize": "185 g",
            "unitPrice": "10.22/kg",
            "discount": "29%",
            "availabilityDateRange": "23.10. - 29.10.2025",
            "productHash": "brunch_kräuter185_gdairy",
            "offerEndDate": "2025-10-29",
            "offerStartDate": "2025-10-23",
            "currentPriceNumeric": 1.89,
            "oldPriceNumeric": 2.69,
            "storeName": "BILLA"
        },
        {
            "productName": "Rougette Ofenkäse",
            "category": "Cheese",
            "currentPrice": "4.39€",
            "oldPrice": "6.49€",
            "packageSize": "div. Sorten, 320 g",
            "unitPrice": "13.72/kg",
            "discount": "32%",
            "availabilityDateRange": "23.10. - 29.10.2025",
            "productHash": "rougette_ofenkäsediv_sorten_320_gcheese",
            "offerEndDate": "2025-10-29",
            "offerStartDate": "2025-10-23",
            "currentPriceNumeric": 4.39,
            "oldPriceNumeric": 6.49,
            "storeName": "BILLA"
        },
        {
            "productName": "Schärdinger Mozzarella",
            "category": "Dairy",
            "currentPrice": "1.79€",
            "oldPrice": "2.59€",
            "packageSize": "125 g",
            "unitPrice": "14.32/kg",
            "discount": "30%",
            "availabilityDateRange": "23.10. - 29.10.2025",
            "productHash": "schärdinger_mozzarella125_gdairy",
            "offerEndDate": "2025-10-29",
            "offerStartDate": "2025-10-23",
            "currentPriceNumeric": 1.79,
            "oldPriceNumeric": 2.59,
            "storeName": "BILLA"
        },
        {
            "productName": "Saint Albray",
            "category": "Cheese",
            "currentPrice": "2.99€",
            "oldPrice": "3.99€",
            "packageSize": "200 g",
            "unitPrice": "14.95/kg",
            "discount": "25%",
            "availabilityDateRange": "23.10. - 29.10.2025",
            "productHash": "saint_albray200_gcheese",
            "offerEndDate": "2025-10-29",
            "offerStartDate": "2025-10-23",
            "currentPriceNumeric": 2.99,
            "oldPriceNumeric": 3.99,
            "storeName": "BILLA"
        },
        {
            "productName": "Schärdinger Pizzakäse",
            "category": "Cheese",
            "currentPrice": "2.39€",
            "oldPrice": "3.19€ - 3.39€",
            "packageSize": "div. Sorten, 150 g - 200 g",
            "unitPrice": "N/A",
            "discount": "bis zu -29%",
            "availabilityDateRange": "23.10. - 29.10.2025",
            "productHash": "schärdinger_pizzakäsediv_sorten_150_g_200_gcheese",
            "offerEndDate": "2025-10-29",
            "offerStartDate": "2025-10-23",
            "currentPriceNumeric": 2.39,
            "oldPriceNumeric": 3.19,
            "storeName": "BILLA"
        },
        {
            "productName": "Schärdinger Bergbaron",
            "category": "Cheese",
            "currentPrice": "5.99€",
            "oldPrice": "N/A",
            "packageSize": "500 g Packung",
            "unitPrice": "11.98/kg",
            "discount": "N/A",
            "availabilityDateRange": "23.10. - 29.10.2025",
            "productHash": "schärdinger_bergbaron500_g_packungcheese",
            "offerEndDate": "2025-10-29",
            "offerStartDate": "2025-10-23",
            "currentPriceNumeric": 5.99,
            "oldPriceNumeric": null,
            "storeName": "BILLA"
        },
        {
            "productName": "Schärdinger Geheimatskäse",
            "category": "Cheese",
            "currentPrice": "2.19€",
            "oldPrice": "3.20€",
            "packageSize": "200 g",
            "unitPrice": "10.95/kg",
            "discount": "2+1 Gratis",
            "availabilityDateRange": "23.10. - 29.10.2025",
            "productHash": "schärdinger_geheimatskäse200_gcheese",
            "offerEndDate": "2025-10-29",
            "offerStartDate": "2025-10-23",
            "currentPriceNumeric": 2.19,
            "oldPriceNumeric": 3.2,
            "storeName": "BILLA"
        },
        {
            "productName": "Schärdinger Kefir",
            "category": "Dairy",
            "currentPrice": "0.72€",
            "oldPrice": "1.45€",
            "packageSize": "400 ml",
            "unitPrice": "1.80/liter",
            "discount": "1+1 Gratis",
            "availabilityDateRange": "23.10. - 29.10.2025",
            "productHash": "schärdinger_kefir400_mldairy",
            "offerEndDate": "2025-10-29",
            "offerStartDate": "2025-10-23",
            "currentPriceNumeric": 0.72,
            "oldPriceNumeric": 1.45,
            "storeName": "BILLA"
        },
        {
            "productName": "Rama Cremefine",
            "category": "Dairy",
            "currentPrice": "0.99€",
            "oldPrice": "1.45€",
            "packageSize": "250 ml",
            "unitPrice": "3.96/liter",
            "discount": "2+1 Gratis",
            "availabilityDateRange": "23.10. - 29.10.2025",
            "productHash": "rama_cremefine250_mldairy",
            "offerEndDate": "2025-10-29",
            "offerStartDate": "2025-10-23",
            "currentPriceNumeric": 0.99,
            "oldPriceNumeric": 1.45,
            "storeName": "BILLA"
        },
        {
            "productName": "Hofkirchner Eiskaffee/Cappuccino",
            "category": "Dairy",
            "currentPrice": "1.59€",
            "oldPrice": "2.39€",
            "packageSize": "220 ml",
            "unitPrice": "7.23/liter",
            "discount": "2+1 Gratis",
            "availabilityDateRange": "23.10. - 29.10.2025",
            "productHash": "hofkirchner_eiskaffeecappuccino220_mldairy",
            "offerEndDate": "2025-10-29",
            "offerStartDate": "2025-10-23",
            "currentPriceNumeric": 1.59,
            "oldPriceNumeric": 2.39,
            "storeName": "BILLA"
        },
        {
            "productName": "Kinder Paradiso",
            "category": "Dairy",
            "currentPrice": "1.79€",
            "oldPrice": "2.19€",
            "packageSize": "4x29g (116g)",
            "unitPrice": "15.43/kg",
            "discount": "-0.80€",
            "availabilityDateRange": "23.10. - 29.10.2025",
            "productHash": "kinder_paradiso4x29g_116gdairy",
            "offerEndDate": "2025-10-29",
            "offerStartDate": "2025-10-23",
            "currentPriceNumeric": 1.79,
            "oldPriceNumeric": 2.19,
            "storeName": "BILLA"
        },
        {
            "productName": "Rama",
            "category": "Spreads",
            "currentPrice": "1.99€",
            "oldPrice": "2.59€",
            "packageSize": "450 g",
            "unitPrice": "4.42/kg",
            "discount": "-1.20€",
            "availabilityDateRange": "23.10. - 29.10.2025",
            "productHash": "rama450_gspreads",
            "offerEndDate": "2025-10-29",
            "offerStartDate": "2025-10-23",
            "currentPriceNumeric": 1.99,
            "oldPriceNumeric": 2.59,
            "storeName": "BILLA"
        },
        {
            "productName": "Actimel Drink",
            "category": "Dairy",
            "currentPrice": "2.29€",
            "oldPrice": "2.99€",
            "packageSize": "600 g (6x100g)",
            "unitPrice": "3.82/kg",
            "discount": "26%",
            "availabilityDateRange": "23.10. - 29.10.2025",
            "productHash": "actimel_drink600_g_6x100gdairy",
            "offerEndDate": "2025-10-29",
            "offerStartDate": "2025-10-23",
            "currentPriceNumeric": 2.29,
            "oldPriceNumeric": 2.99,
            "storeName": "BILLA"
        },
        {
            "productName": "Nöm Teeebutter",
            "category": "Dairy",
            "currentPrice": "2.49€",
            "oldPrice": "3.09€",
            "packageSize": "250 g",
            "unitPrice": "9.96/kg",
            "discount": "-1.20€",
            "availabilityDateRange": "23.10. - 29.10.2025",
            "productHash": "nöm_teeebutter250_gdairy",
            "offerEndDate": "2025-10-29",
            "offerStartDate": "2025-10-23",
            "currentPriceNumeric": 2.49,
            "oldPriceNumeric": 3.09,
            "storeName": "BILLA"
        },
        {
            "productName": "Dany Sahne",
            "category": "Dairy",
            "currentPrice": "0.49€",
            "oldPrice": "0.99€",
            "packageSize": "190 g",
            "unitPrice": "2.58/kg",
            "discount": "2+2 Gratis",
            "availabilityDateRange": "23.10. - 29.10.2025",
            "productHash": "dany_sahne190_gdairy",
            "offerEndDate": "2025-10-29",
            "offerStartDate": "2025-10-23",
            "currentPriceNumeric": 0.49,
            "oldPriceNumeric": 0.99,
            "storeName": "BILLA"
        },
        {
            "productName": "Nöm Fru Fru",
            "category": "Dairy",
            "currentPrice": "0.49€",
            "oldPrice": "0.99€",
            "packageSize": "200 g",
            "unitPrice": "2.45/kg",
            "discount": "2+2 Gratis",
            "availabilityDateRange": "23.10. - 29.10.2025",
            "productHash": "nöm_fru_fru200_gdairy",
            "offerEndDate": "2025-10-29",
            "offerStartDate": "2025-10-23",
            "currentPriceNumeric": 0.49,
            "oldPriceNumeric": 0.99,
            "storeName": "BILLA"
        },
        {
            "productName": "Dinkelvollkornweckerl",
            "category": "Baked Goods",
            "currentPrice": "0.89€",
            "oldPrice": "0.99€",
            "packageSize": "per Stück",
            "unitPrice": "N/A",
            "discount": "-0.30€",
            "availabilityDateRange": "23.10. - 29.10.2025",
            "productHash": "dinkelvollkornweckerlper_stückbaked_goods",
            "offerEndDate": "2025-10-29",
            "offerStartDate": "2025-10-23",
            "currentPriceNumeric": 0.89,
            "oldPriceNumeric": 0.99,
            "storeName": "BILLA"
        },
        {
            "productName": "Ölz Toast",
            "category": "Baked Goods",
            "currentPrice": "3.39€",
            "oldPrice": "3.79€",
            "packageSize": "500 g Packung",
            "unitPrice": "6.78/kg",
            "discount": "-0.40€",
            "availabilityDateRange": "23.10. - 29.10.2025",
            "productHash": "ölz_toast500_g_packungbaked_goods",
            "offerEndDate": "2025-10-29",
            "offerStartDate": "2025-10-23",
            "currentPriceNumeric": 3.39,
            "oldPriceNumeric": 3.79,
            "storeName": "BILLA"
        },
        {
            "productName": "Ströck Vollkornstange",
            "category": "Baked Goods",
            "currentPrice": "0.99€",
            "oldPrice": "N/A",
            "packageSize": "per Stück",
            "unitPrice": "N/A",
            "discount": "N/A",
            "availabilityDateRange": "23.10. - 29.10.2025",
            "productHash": "ströck_vollkornstangeper_stückbaked_goods",
            "offerEndDate": "2025-10-29",
            "offerStartDate": "2025-10-23",
            "currentPriceNumeric": 0.99,
            "oldPriceNumeric": null,
            "storeName": "BILLA"
        },
        {
            "productName": "Ströck Mohnkipferl",
            "category": "Baked Goods",
            "currentPrice": "0.99€",
            "oldPrice": "N/A",
            "packageSize": "per Stück",
            "unitPrice": "N/A",
            "discount": "N/A",
            "availabilityDateRange": "23.10. - 29.10.2025",
            "productHash": "ströck_mohnkipferlper_stückbaked_goods",
            "offerEndDate": "2025-10-29",
            "offerStartDate": "2025-10-23",
            "currentPriceNumeric": 0.99,
            "oldPriceNumeric": null,
            "storeName": "BILLA"
        },
        {
            "productName": "Ja! Naturlich Roggenmischbrot",
            "category": "Baked Goods",
            "currentPrice": "4.89€",
            "oldPrice": "5.19€",
            "packageSize": "1.000 g",
            "unitPrice": "4.89/kg",
            "discount": "-0.30€",
            "availabilityDateRange": "23.10. - 29.10.2025",
            "productHash": "ja_naturlich_roggenmischbrot1000_gbaked_goods",
            "offerEndDate": "2025-10-29",
            "offerStartDate": "2025-10-23",
            "currentPriceNumeric": 4.89,
            "oldPriceNumeric": 5.19,
            "storeName": "BILLA"
        },
        {
            "productName": "Stephandom-Brot",
            "category": "Baked Goods",
            "currentPrice": "2.99€",
            "oldPrice": "3.19€",
            "packageSize": "500 g",
            "unitPrice": "5.98/kg",
            "discount": "-0.20€",
            "availabilityDateRange": "23.10. - 29.10.2025",
            "productHash": "stephandom_brot500_gbaked_goods",
            "offerEndDate": "2025-10-29",
            "offerStartDate": "2025-10-23",
            "currentPriceNumeric": 2.99,
            "oldPriceNumeric": 3.19,
            "storeName": "BILLA"
        },
        {
            "productName": "Aktivweckerl",
            "category": "Baked Goods",
            "currentPrice": "1.15€",
            "oldPrice": "1.29€",
            "packageSize": "per Stück",
            "unitPrice": "N/A",
            "discount": "-0.28€",
            "availabilityDateRange": "23.10. - 29.10.2025",
            "productHash": "aktivweckerlper_stückbaked_goods",
            "offerEndDate": "2025-10-29",
            "offerStartDate": "2025-10-23",
            "currentPriceNumeric": 1.15,
            "oldPriceNumeric": 1.29,
            "storeName": "BILLA"
        },
        {
            "productName": "Ja! Naturlich Bio-Salzstangerl",
            "category": "Baked Goods",
            "currentPrice": "0.49€",
            "oldPrice": "0.99€",
            "packageSize": "per Stück",
            "unitPrice": "N/A",
            "discount": "2+2 Gratis",
            "availabilityDateRange": "23.10. - 29.10.2025",
            "productHash": "ja_naturlich_bio_salzstangerlper_stückbaked_goods",
            "offerEndDate": "2025-10-29",
            "offerStartDate": "2025-10-23",
            "currentPriceNumeric": 0.49,
            "oldPriceNumeric": 0.99,
            "storeName": "BILLA"
        },
        {
            "productName": "Ja! Naturlich Bio-Dinkelweckerl",
            "category": "Baked Goods",
            "currentPrice": "0.59€",
            "oldPrice": "0.82€",
            "packageSize": "per Stück",
            "unitPrice": "N/A",
            "discount": "2+1 Gratis",
            "availabilityDateRange": "23.10. - 29.10.2025",
            "productHash": "ja_naturlich_bio_dinkelweckerlper_stückbaked_goods",
            "offerEndDate": "2025-10-29",
            "offerStartDate": "2025-10-23",
            "currentPriceNumeric": 0.59,
            "oldPriceNumeric": 0.82,
            "storeName": "BILLA"
        },
        {
            "productName": "Donauschnecke",
            "category": "Baked Goods",
            "currentPrice": "2.19€",
            "oldPrice": "N/A",
            "packageSize": "per Stück",
            "unitPrice": "N/A",
            "discount": "N/A",
            "availabilityDateRange": "23.10. - 29.10.2025",
            "productHash": "donauschneckeper_stückbaked_goods",
            "offerEndDate": "2025-10-29",
            "offerStartDate": "2025-10-23",
            "currentPriceNumeric": 2.19,
            "oldPriceNumeric": null,
            "storeName": "BILLA"
        },
        {
            "productName": "Halloween Donuts",
            "category": "Baked Goods",
            "currentPrice": "3.19€",
            "oldPrice": "N/A",
            "packageSize": "2 Stk. per Packung",
            "unitPrice": "N/A",
            "discount": "N/A",
            "availabilityDateRange": "23.10. - 29.10.2025",
            "productHash": "halloween_donuts2_stk_per_packungbaked_goods",
            "offerEndDate": "2025-10-29",
            "offerStartDate": "2025-10-23",
            "currentPriceNumeric": 3.19,
            "oldPriceNumeric": null,
            "storeName": "BILLA"
        },
        {
            "productName": "Ölz Mohnstreuselkuchen",
            "category": "Baked Goods",
            "currentPrice": "4.79€",
            "oldPrice": "N/A",
            "packageSize": "500 g",
            "unitPrice": "9.58/kg",
            "discount": "N/A",
            "availabilityDateRange": "23.10. - 29.10.2025",
            "productHash": "ölz_mohnstreuselkuchen500_gbaked_goods",
            "offerEndDate": "2025-10-29",
            "offerStartDate": "2025-10-23",
            "currentPriceNumeric": 4.79,
            "oldPriceNumeric": null,
            "storeName": "BILLA"
        },
        {
            "productName": "Donauwelle",
            "category": "Baked Goods",
            "currentPrice": "6.98€",
            "oldPrice": "7.38€",
            "packageSize": "2 Stk. per Packung",
            "unitPrice": "N/A",
            "discount": "-0.40€",
            "availabilityDateRange": "23.10. - 29.10.2025",
            "productHash": "donauwelle2_stk_per_packungbaked_goods",
            "offerEndDate": "2025-10-29",
            "offerStartDate": "2025-10-23",
            "currentPriceNumeric": 6.98,
            "oldPriceNumeric": 7.38,
            "storeName": "BILLA"
        },
        {
            "productName": "Krapfen Mini Marille",
            "category": "Baked Goods",
            "currentPrice": "0.96€",
            "oldPrice": "N/A",
            "packageSize": "N/A",
            "unitPrice": "N/A",
            "discount": "0.49€ off",
            "availabilityDateRange": "23.10. - 29.10.2025",
            "productHash": "krapfen_mini_marillenabaked_goods",
            "offerEndDate": "2025-10-29",
            "offerStartDate": "2025-10-23",
            "currentPriceNumeric": 0.96,
            "oldPriceNumeric": null,
            "storeName": "BILLA"
        },
        {
            "productName": "Ölz Nougat Croissant",
            "category": "Baked Goods",
            "currentPrice": "4.79€",
            "oldPrice": "N/A",
            "packageSize": "500 g Packung",
            "unitPrice": "9.58/kg",
            "discount": "N/A",
            "availabilityDateRange": "23.10. - 29.10.2025",
            "productHash": "ölz_nougat_croissant500_g_packungbaked_goods",
            "offerEndDate": "2025-10-29",
            "offerStartDate": "2025-10-23",
            "currentPriceNumeric": 4.79,
            "oldPriceNumeric": null,
            "storeName": "BILLA"
        },
        {
            "productName": "Krapfen Marille",
            "category": "Baked Goods",
            "currentPrice": "0.69€",
            "oldPrice": "1.19€",
            "packageSize": "per Stück",
            "unitPrice": "N/A",
            "discount": "42%",
            "availabilityDateRange": "23.10. - 29.10.2025",
            "productHash": "krapfen_marilleper_stückbaked_goods",
            "offerEndDate": "2025-10-29",
            "offerStartDate": "2025-10-23",
            "currentPriceNumeric": 0.69,
            "oldPriceNumeric": 1.19,
            "storeName": "BILLA"
        },
        {
            "productName": "Ölz Nuss Schnecken",
            "category": "Baked Goods",
            "currentPrice": "1.99€",
            "oldPrice": "3.99€",
            "packageSize": "2 Stk. 200 g",
            "unitPrice": "9.95/kg",
            "discount": "1+1 Gratis",
            "availabilityDateRange": "23.10. - 29.10.2025",
            "productHash": "ölz_nuss_schnecken2_stk_200_gbaked_goods",
            "offerEndDate": "2025-10-29",
            "offerStartDate": "2025-10-23",
            "currentPriceNumeric": 1.99,
            "oldPriceNumeric": 3.99,
            "storeName": "BILLA"
        },
        {
            "productName": "BILLA Käsekrainer",
            "category": "Processed Meat",
            "currentPrice": "1.49€",
            "oldPrice": "1.79€",
            "packageSize": "per Stück",
            "unitPrice": "N/A",
            "discount": "-0.30€",
            "availabilityDateRange": "23.10. - 29.10.2025",
            "productHash": "billa_käsekrainerper_stückprocessed_meat",
            "offerEndDate": "2025-10-29",
            "offerStartDate": "2025-10-23",
            "currentPriceNumeric": 1.49,
            "oldPriceNumeric": 1.79,
            "storeName": "BILLA"
        },
        {
            "productName": "Omis Faschierte Laibchen",
            "category": "Frozen Meals",
            "currentPrice": "2.99€",
            "oldPrice": "4.59€",
            "packageSize": "450 g Packung",
            "unitPrice": "6.64/kg",
            "discount": "-1.40€",
            "availabilityDateRange": "23.10. - 29.10.2025",
            "productHash": "omis_faschierte_laibchen450_g_packungfrozen_meals",
            "offerEndDate": "2025-10-29",
            "offerStartDate": "2025-10-23",
            "currentPriceNumeric": 2.99,
            "oldPriceNumeric": 4.59,
            "storeName": "BILLA"
        },
        {
            "productName": "Radatz Rindsuppe",
            "category": "Soups",
            "currentPrice": "2.79€",
            "oldPrice": "3.19€",
            "packageSize": "200 ml Packung",
            "unitPrice": "13.95/liter",
            "discount": "-0.40€",
            "availabilityDateRange": "23.10. - 29.10.2025",
            "productHash": "radatz_rindsuppe200_ml_packungsoups",
            "offerEndDate": "2025-10-29",
            "offerStartDate": "2025-10-23",
            "currentPriceNumeric": 2.79,
            "oldPriceNumeric": 3.19,
            "storeName": "BILLA"
        },
        {
            "productName": "Simply Good Tortelloni",
            "category": "Pasta",
            "currentPrice": "3.49€",
            "oldPrice": "4.99€",
            "packageSize": "div. Sorten, 250 g",
            "unitPrice": "13.96/kg",
            "discount": "-1.00€",
            "availabilityDateRange": "23.10. - 29.10.2025",
            "productHash": "simply_good_tortellonidiv_sorten_250_gpasta",
            "offerEndDate": "2025-10-29",
            "offerStartDate": "2025-10-23",
            "currentPriceNumeric": 3.49,
            "oldPriceNumeric": 4.99,
            "storeName": "BILLA"
        },
        {
            "productName": "BILLA immer gut Hühnerschnitzel",
            "category": "Meat & Poultry",
            "currentPrice": "1.59€",
            "oldPrice": "1.79€",
            "packageSize": "100 g",
            "unitPrice": "15.90/kg",
            "discount": "-0.20€",
            "availabilityDateRange": "23.10. - 29.10.2025",
            "productHash": "billa_immer_gut_hühnerschnitzel100_gmeat_poultry",
            "offerEndDate": "2025-10-29",
            "offerStartDate": "2025-10-23",
            "currentPriceNumeric": 1.59,
            "oldPriceNumeric": 1.79,
            "storeName": "BILLA"
        },
        {
            "productName": "Rana Halloween Kürbis",
            "category": "Pasta",
            "currentPrice": "2.99€",
            "oldPrice": "4.39€",
            "packageSize": "div. Sorten, 250 g",
            "unitPrice": "11.96/kg",
            "discount": "-1.40€",
            "availabilityDateRange": "23.10. - 29.10.2025",
            "productHash": "rana_halloween_kürbisdiv_sorten_250_gpasta",
            "offerEndDate": "2025-10-29",
            "offerStartDate": "2025-10-23",
            "currentPriceNumeric": 2.99,
            "oldPriceNumeric": 4.39,
            "storeName": "BILLA"
        },
        {
            "productName": "Wojnar's Salat",
            "category": "Deli Salads",
            "currentPrice": "1.99€",
            "oldPrice": "2.59€ - 2.79€",
            "packageSize": "div. Sorten, 150 g - 200 g",
            "unitPrice": "N/A",
            "discount": "bis zu -28%",
            "availabilityDateRange": "23.10. - 29.10.2025",
            "productHash": "wojnars_salatdiv_sorten_150_g_200_gdeli_salads",
            "offerEndDate": "2025-10-29",
            "offerStartDate": "2025-10-23",
            "currentPriceNumeric": 1.99,
            "oldPriceNumeric": 2.59,
            "storeName": "BILLA"
        },
        {
            "productName": "Tante Fanny Tortenboden",
            "category": "Baking Ingredients",
            "currentPrice": "2.29€",
            "oldPrice": "2.79€",
            "packageSize": "400 g",
            "unitPrice": "5.72/kg",
            "discount": "-0.50€",
            "availabilityDateRange": "23.10. - 29.10.2025",
            "productHash": "tante_fanny_tortenboden400_gbaking_ingredients",
            "offerEndDate": "2025-10-29",
            "offerStartDate": "2025-10-23",
            "currentPriceNumeric": 2.29,
            "oldPriceNumeric": 2.79,
            "storeName": "BILLA"
        },
        {
            "productName": "Tante Fanny Croissant",
            "category": "Baking Ingredients",
            "currentPrice": "1.99€",
            "oldPrice": "2.49€",
            "packageSize": "400 g",
            "unitPrice": "4.98/kg",
            "discount": "-1.00€",
            "availabilityDateRange": "23.10. - 29.10.2025",
            "productHash": "tante_fanny_croissant400_gbaking_ingredients",
            "offerEndDate": "2025-10-29",
            "offerStartDate": "2025-10-23",
            "currentPriceNumeric": 1.99,
            "oldPriceNumeric": 2.49,
            "storeName": "BILLA"
        },
        {
            "productName": "Coppenrath & Wiese Sachertorte",
            "category": "Frozen Desserts",
            "currentPrice": "8.99€",
            "oldPrice": "12.99€",
            "packageSize": "500 g Packung",
            "unitPrice": "17.98/kg",
            "discount": "30%",
            "availabilityDateRange": "23.10. - 29.10.2025",
            "productHash": "coppenrath_wiese_sachertorte500_g_packungfrozen_desserts",
            "offerEndDate": "2025-10-29",
            "offerStartDate": "2025-10-23",
            "currentPriceNumeric": 8.99,
            "oldPriceNumeric": 12.99,
            "storeName": "BILLA"
        },
        {
            "productName": "Eskimo Cremissimo Eis",
            "category": "Frozen Desserts",
            "currentPrice": "2.99€",
            "oldPrice": "4.99€",
            "packageSize": "div. Sorten, 1 Liter",
            "unitPrice": "2.99/liter",
            "discount": "-1.40€",
            "availabilityDateRange": "23.10. - 29.10.2025",
            "productHash": "eskimo_cremissimo_eisdiv_sorten_1_literfrozen_desserts",
            "offerEndDate": "2025-10-29",
            "offerStartDate": "2025-10-23",
            "currentPriceNumeric": 2.99,
            "oldPriceNumeric": 4.99,
            "storeName": "BILLA"
        },
        {
            "productName": "Goldsteig Junge Frühjahrstmast",
            "category": "Cheese",
            "currentPrice": "11.99€",
            "oldPrice": "17.99€",
            "packageSize": "1 kg",
            "unitPrice": "11.99/kg",
            "discount": "33%",
            "availabilityDateRange": "23.10. - 29.10.2025",
            "productHash": "goldsteig_junge_frühjahrstmast1_kgcheese",
            "offerEndDate": "2025-10-29",
            "offerStartDate": "2025-10-23",
            "currentPriceNumeric": 11.99,
            "oldPriceNumeric": 17.99,
            "storeName": "BILLA"
        },
        {
            "productName": "Dr. Oetker Mia Grande",
            "category": "Frozen Pizza",
            "currentPrice": "3.52€",
            "oldPrice": "5.29€",
            "packageSize": "360 g - 415 g",
            "unitPrice": "N/A",
            "discount": "2+1 Gratis",
            "availabilityDateRange": "23.10. - 29.10.2025",
            "productHash": "dr_oetker_mia_grande360_g_415_gfrozen_pizza",
            "offerEndDate": "2025-10-29",
            "offerStartDate": "2025-10-23",
            "currentPriceNumeric": 3.52,
            "oldPriceNumeric": 5.29,
            "storeName": "BILLA"
        },
        {
            "productName": "Iglo Rahmspinat",
            "category": "Frozen Vegetables",
            "currentPrice": "1.99€",
            "oldPrice": "3.99€",
            "packageSize": "450 g",
            "unitPrice": "2.21/kg",
            "discount": "1+1 Gratis",
            "availabilityDateRange": "23.10. - 29.10.2025",
            "productHash": "iglo_rahmspinat450_gfrozen_vegetables",
            "offerEndDate": "2025-10-29",
            "offerStartDate": "2025-10-23",
            "currentPriceNumeric": 1.99,
            "oldPriceNumeric": 3.99,
            "storeName": "BILLA"
        },
        {
            "productName": "Iglo Rotkraut",
            "category": "Frozen Vegetables",
            "currentPrice": "1.99€",
            "oldPrice": "3.99€",
            "packageSize": "450 g",
            "unitPrice": "2.21/kg",
            "discount": "1+1 Gratis",
            "availabilityDateRange": "23.10. - 29.10.2025",
            "productHash": "iglo_rotkraut450_gfrozen_vegetables",
            "offerEndDate": "2025-10-29",
            "offerStartDate": "2025-10-23",
            "currentPriceNumeric": 1.99,
            "oldPriceNumeric": 3.99,
            "storeName": "BILLA"
        },
        {
            "productName": "Dr. Oetker Bistro Baguette",
            "category": "Frozen Snacks",
            "currentPrice": "1.49€",
            "oldPrice": "2.99€",
            "packageSize": "div. Sorten, 250 g",
            "unitPrice": "2.98/kg",
            "discount": "1+1 Gratis",
            "availabilityDateRange": "23.10. - 29.10.2025",
            "productHash": "dr_oetker_bistro_baguettediv_sorten_250_gfrozen_snacks",
            "offerEndDate": "2025-10-29",
            "offerStartDate": "2025-10-23",
            "currentPriceNumeric": 1.49,
            "oldPriceNumeric": 2.99,
            "storeName": "BILLA"
        },
        {
            "productName": "Iglo Pizza/Lasagne/Vollkorn",
            "category": "Frozen Meals",
            "currentPrice": "3.74€",
            "oldPrice": "7.49€",
            "packageSize": "div. Sorten, 300 g - 700 g",
            "unitPrice": "N/A",
            "discount": "1+1 Gratis",
            "availabilityDateRange": "23.10. - 29.10.2025",
            "productHash": "iglo_pizzalasagnevollkorndiv_sorten_300_g_700_gfrozen_meals",
            "offerEndDate": "2025-10-29",
            "offerStartDate": "2025-10-23",
            "currentPriceNumeric": 3.74,
            "oldPriceNumeric": 7.49,
            "storeName": "BILLA"
        },
        {
            "productName": "Iglo Junge Erbsen",
            "category": "Frozen Vegetables",
            "currentPrice": "2.49€",
            "oldPrice": "4.99€",
            "packageSize": "div. Sorten, 700 g",
            "unitPrice": "1.78/kg",
            "discount": "1+1 Gratis",
            "availabilityDateRange": "23.10. - 29.10.2025",
            "productHash": "iglo_junge_erbsendiv_sorten_700_gfrozen_vegetables",
            "offerEndDate": "2025-10-29",
            "offerStartDate": "2025-10-23",
            "currentPriceNumeric": 2.49,
            "oldPriceNumeric": 4.99,
            "storeName": "BILLA"
        },
        {
            "productName": "Iglo Atlantik Lachsfilets",
            "category": "Frozen Fish & Seafood",
            "currentPrice": "7.99€",
            "oldPrice": "15.99€",
            "packageSize": "div. Sorten, 250 g",
            "unitPrice": "15.98/kg",
            "discount": "1+1 Gratis",
            "availabilityDateRange": "23.10. - 29.10.2025",
            "productHash": "iglo_atlantik_lachsfiletsdiv_sorten_250_gfrozen_fish_seafood",
            "offerEndDate": "2025-10-29",
            "offerStartDate": "2025-10-23",
            "currentPriceNumeric": 7.99,
            "oldPriceNumeric": 15.99,
            "storeName": "BILLA"
        },
        {
            "productName": "Reismehl glatt od. griffig",
            "category": "Baking Ingredients",
            "currentPrice": "1.29€",
            "oldPrice": "1.69€",
            "packageSize": "1 Kilo Packung",
            "unitPrice": "1.29/kg",
            "discount": "-0.40€",
            "availabilityDateRange": "23.10. - 29.10.2025",
            "productHash": "reismehl_glatt_od_griffig1_kilo_packungbaking_ingredients",
            "offerEndDate": "2025-10-29",
            "offerStartDate": "2025-10-23",
            "currentPriceNumeric": 1.29,
            "oldPriceNumeric": 1.69,
            "storeName": "BILLA"
        },
        {
            "productName": "Nestlé Cerealien",
            "category": "Breakfast Cereals",
            "currentPrice": "2.99€",
            "oldPrice": "3.89€",
            "packageSize": "div. Sorten, 250 g - 450 g",
            "unitPrice": "N/A",
            "discount": "-1.80€",
            "availabilityDateRange": "23.10. - 29.10.2025",
            "productHash": "nestlé_cerealiendiv_sorten_250_g_450_gbreakfast_cereals",
            "offerEndDate": "2025-10-29",
            "offerStartDate": "2025-10-23",
            "currentPriceNumeric": 2.99,
            "oldPriceNumeric": 3.89,
            "storeName": "BILLA"
        },
        {
            "productName": "Efko Kirschfrucht",
            "category": "Canned Fruits",
            "currentPrice": "1.99€",
            "oldPrice": "2.39€ - 2.49€",
            "packageSize": "div. Sorten, 350 g",
            "unitPrice": "5.69/kg",
            "discount": "bis zu -20%",
            "availabilityDateRange": "23.10. - 29.10.2025",
            "productHash": "efko_kirschfruchtdiv_sorten_350_gcanned_fruits",
            "offerEndDate": "2025-10-29",
            "offerStartDate": "2025-10-23",
            "currentPriceNumeric": 1.99,
            "oldPriceNumeric": 2.39,
            "storeName": "BILLA"
        },
        {
            "productName": "Staud's Fruchtaufstrich",
            "category": "Jams & Spreads",
            "currentPrice": "3.32€",
            "oldPrice": "4.99€",
            "packageSize": "div. Sorten, 250 g",
            "unitPrice": "13.28/kg",
            "discount": "2+1 Gratis",
            "availabilityDateRange": "23.10. - 29.10.2025",
            "productHash": "stauds_fruchtaufstrichdiv_sorten_250_gjams_spreads",
            "offerEndDate": "2025-10-29",
            "offerStartDate": "2025-10-23",
            "currentPriceNumeric": 3.32,
            "oldPriceNumeric": 4.99,
            "storeName": "BILLA"
        },
        {
            "productName": "Nutella",
            "category": "Spreads",
            "currentPrice": "4.99€",
            "oldPrice": "6.49€",
            "packageSize": "450 g",
            "unitPrice": "11.09/kg",
            "discount": "-1.50€",
            "availabilityDateRange": "23.10. - 29.10.2025",
            "productHash": "nutella450_gspreads",
            "offerEndDate": "2025-10-29",
            "offerStartDate": "2025-10-23",
            "currentPriceNumeric": 4.99,
            "oldPriceNumeric": 6.49,
            "storeName": "BILLA"
        },
        {
            "productName": "Rapso reines Rapsöl",
            "category": "Oils & Vinegar",
            "currentPrice": "3.99€",
            "oldPrice": "5.99€",
            "packageSize": "2 Flaschen Rapso, je 0.75 Liter",
            "unitPrice": "2.66/liter",
            "discount": "-2.00€",
            "availabilityDateRange": "23.10. - 29.10.2025",
            "productHash": "rapso_reines_rapsöl2_flaschen_rapso_je_075_literoils_vinegar",
            "offerEndDate": "2025-10-29",
            "offerStartDate": "2025-10-23",
            "currentPriceNumeric": 3.99,
            "oldPriceNumeric": 5.99,
            "storeName": "BILLA"
        },
        {
            "productName": "Knorr Basis od. Feinschmecker Sauce",
            "category": "Sauces & Spices",
            "currentPrice": "0.99€",
            "oldPrice": "1.49€",
            "packageSize": "div. Sorten",
            "unitPrice": "N/A",
            "discount": "2+1 Gratis",
            "availabilityDateRange": "23.10. - 29.10.2025",
            "productHash": "knorr_basis_od_feinschmecker_saucediv_sortensauces_spices",
            "offerEndDate": "2025-10-29",
            "offerStartDate": "2025-10-23",
            "currentPriceNumeric": 0.99,
            "oldPriceNumeric": 1.49,
            "storeName": "BILLA"
        },
        {
            "productName": "Ben's Original Langkorn-Reis",
            "category": "Rice & Grains",
            "currentPrice": "3.49€",
            "oldPrice": "4.99€",
            "packageSize": "1 Kilo Packung",
            "unitPrice": "3.49/kg",
            "discount": "30%",
            "availabilityDateRange": "23.10. - 29.10.2025",
            "productHash": "bens_original_langkorn_reis1_kilo_packungrice_grains",
            "offerEndDate": "2025-10-29",
            "offerStartDate": "2025-10-23",
            "currentPriceNumeric": 3.49,
            "oldPriceNumeric": 4.99,
            "storeName": "BILLA"
        },
        {
            "productName": "WOLF Teigwaren",
            "category": "Pasta",
            "currentPrice": "1.24€",
            "oldPrice": "2.49€",
            "packageSize": "div. Sorten, 500 g",
            "unitPrice": "2.48/kg",
            "discount": "2+2 Gratis",
            "availabilityDateRange": "23.10. - 29.10.2025",
            "productHash": "wolf_teigwarendiv_sorten_500_gpasta",
            "offerEndDate": "2025-10-29",
            "offerStartDate": "2025-10-23",
            "currentPriceNumeric": 1.24,
            "oldPriceNumeric": 2.49,
            "storeName": "BILLA"
        },
        {
            "productName": "Kelly's Sing's",
            "category": "Snacks",
            "currentPrice": "1.29€",
            "oldPrice": "1.99€",
            "packageSize": "80 g",
            "unitPrice": "16.13/kg",
            "discount": "35%",
            "availabilityDateRange": "23.10. - 29.10.2025",
            "productHash": "kellys_sings80_gsnacks",
            "offerEndDate": "2025-10-29",
            "offerStartDate": "2025-10-23",
            "currentPriceNumeric": 1.29,
            "oldPriceNumeric": 1.99,
            "storeName": "BILLA"
        },
        {
            "productName": "Kelly's Chips",
            "category": "Snacks",
            "currentPrice": "1.99€",
            "oldPrice": "2.99€",
            "packageSize": "div. Sorten, 150 g - 175 g",
            "unitPrice": "N/A",
            "discount": "2+1 Gratis",
            "availabilityDateRange": "23.10. - 29.10.2025",
            "productHash": "kellys_chipsdiv_sorten_150_g_175_gsnacks",
            "offerEndDate": "2025-10-29",
            "offerStartDate": "2025-10-23",
            "currentPriceNumeric": 1.99,
            "oldPriceNumeric": 2.99,
            "storeName": "BILLA"
        },
        {
            "productName": "Pringles",
            "category": "Snacks",
            "currentPrice": "1.99€",
            "oldPrice": "2.99€",
            "packageSize": "div. Sorten, 165 g - 185 g",
            "unitPrice": "N/A",
            "discount": "-1.20€",
            "availabilityDateRange": "23.10. - 29.10.2025",
            "productHash": "pringlesdiv_sorten_165_g_185_gsnacks",
            "offerEndDate": "2025-10-29",
            "offerStartDate": "2025-10-23",
            "currentPriceNumeric": 1.99,
            "oldPriceNumeric": 2.99,
            "storeName": "BILLA"
        },
        {
            "productName": "BILLA Studentenfutter",
            "category": "Snacks",
            "currentPrice": "2.79€",
            "oldPrice": "3.49€",
            "packageSize": "225 g",
            "unitPrice": "12.40/kg",
            "discount": "-1.40€",
            "availabilityDateRange": "23.10. - 29.10.2025",
            "productHash": "billa_studentenfutter225_gsnacks",
            "offerEndDate": "2025-10-29",
            "offerStartDate": "2025-10-23",
            "currentPriceNumeric": 2.79,
            "oldPriceNumeric": 3.49,
            "storeName": "BILLA"
        },
        {
            "productName": "Illy Espresso",
            "category": "Coffee",
            "currentPrice": "6.99€",
            "oldPrice": "10.59€",
            "packageSize": "250 g",
            "unitPrice": "27.96/kg",
            "discount": "33%",
            "availabilityDateRange": "23.10. - 29.10.2025",
            "productHash": "illy_espresso250_gcoffee",
            "offerEndDate": "2025-10-29",
            "offerStartDate": "2025-10-23",
            "currentPriceNumeric": 6.99,
            "oldPriceNumeric": 10.59,
            "storeName": "BILLA"
        },
        {
            "productName": "Eduscho Gala",
            "category": "Coffee",
            "currentPrice": "7.99€",
            "oldPrice": "12.49€",
            "packageSize": "500 g",
            "unitPrice": "15.98/kg",
            "discount": "36%",
            "availabilityDateRange": "23.10. - 29.10.2025",
            "productHash": "eduscho_gala500_gcoffee",
            "offerEndDate": "2025-10-29",
            "offerStartDate": "2025-10-23",
            "currentPriceNumeric": 7.99,
            "oldPriceNumeric": 12.49,
            "storeName": "BILLA"
        },
        {
            "productName": "Chio Tortillas Chips",
            "category": "Snacks",
            "currentPrice": "1.24€",
            "oldPrice": "2.49€",
            "packageSize": "div. Sorten, 100 g",
            "unitPrice": "12.40/kg",
            "discount": "1+1 Gratis",
            "availabilityDateRange": "23.10. - 29.10.2025",
            "productHash": "chio_tortillas_chipsdiv_sorten_100_gsnacks",
            "offerEndDate": "2025-10-29",
            "offerStartDate": "2025-10-23",
            "currentPriceNumeric": 1.24,
            "oldPriceNumeric": 2.49,
            "storeName": "BILLA"
        },
        {
            "productName": "Lorenz Crunchips",
            "category": "Snacks",
            "currentPrice": "1.39€",
            "oldPrice": "2.79€",
            "packageSize": "div. Sorten, 150 g - 175 g",
            "unitPrice": "N/A",
            "discount": "1+1 Gratis",
            "availabilityDateRange": "23.10. - 29.10.2025",
            "productHash": "lorenz_crunchipsdiv_sorten_150_g_175_gsnacks",
            "offerEndDate": "2025-10-29",
            "offerStartDate": "2025-10-23",
            "currentPriceNumeric": 1.39,
            "oldPriceNumeric": 2.79,
            "storeName": "BILLA"
        },
        {
            "productName": "Lorenz Nic Nacs",
            "category": "Snacks",
            "currentPrice": "3.99€",
            "oldPrice": "5.99€",
            "packageSize": "div. Sorten, 250 g",
            "unitPrice": "15.96/kg",
            "discount": "33%",
            "availabilityDateRange": "23.10. - 29.10.2025",
            "productHash": "lorenz_nic_nacsdiv_sorten_250_gsnacks",
            "offerEndDate": "2025-10-29",
            "offerStartDate": "2025-10-23",
            "currentPriceNumeric": 3.99,
            "oldPriceNumeric": 5.99,
            "storeName": "BILLA"
        },
        {
            "productName": "Rauch Eistee",
            "category": "Soft Drinks",
            "currentPrice": "0.99€",
            "oldPrice": "1.99€",
            "packageSize": "div. Sorten, 0.5 Liter",
            "unitPrice": "0.99/liter",
            "discount": "3+3 Gratis",
            "availabilityDateRange": "23.10. - 29.10.2025",
            "productHash": "rauch_eisteediv_sorten_05_litersoft_drinks",
            "offerEndDate": "2025-10-29",
            "offerStartDate": "2025-10-23",
            "currentPriceNumeric": 0.99,
            "oldPriceNumeric": 1.99,
            "storeName": "BILLA"
        },
        {
            "productName": "Gröbi Limonade",
            "category": "Soft Drinks",
            "currentPrice": "1.32€",
            "oldPrice": "1.99€",
            "packageSize": "div. Sorten, 0.5 Liter",
            "unitPrice": "1.32/liter",
            "discount": "4+2 Gratis",
            "availabilityDateRange": "23.10. - 29.10.2025",
            "productHash": "gröbi_limonadediv_sorten_05_litersoft_drinks",
            "offerEndDate": "2025-10-29",
            "offerStartDate": "2025-10-23",
            "currentPriceNumeric": 1.32,
            "oldPriceNumeric": 1.99,
            "storeName": "BILLA"
        },
        {
            "productName": "Waldquelle Mineralwasser",
            "category": "Water",
            "currentPrice": "1.19€",
            "oldPrice": "1.79€",
            "packageSize": "div. Sorten, 1.5 Liter",
            "unitPrice": "0.79/liter",
            "discount": "2+1 Gratis",
            "availabilityDateRange": "23.10. - 29.10.2025",
            "productHash": "waldquelle_mineralwasserdiv_sorten_15_literwater",
            "offerEndDate": "2025-10-29",
            "offerStartDate": "2025-10-23",
            "currentPriceNumeric": 1.19,
            "oldPriceNumeric": 1.79,
            "storeName": "BILLA"
        },
        {
            "productName": "Monster Energy Drink",
            "category": "Energy Drinks",
            "currentPrice": "1.24€",
            "oldPrice": "1.85€",
            "packageSize": "div. Sorten, 0.5 Liter",
            "unitPrice": "1.24/liter",
            "discount": "2+2 Gratis",
            "availabilityDateRange": "23.10. - 29.10.2025",
            "productHash": "monster_energy_drinkdiv_sorten_05_literenergy_drinks",
            "offerEndDate": "2025-10-29",
            "offerStartDate": "2025-10-23",
            "currentPriceNumeric": 1.24,
            "oldPriceNumeric": 1.85,
            "storeName": "BILLA"
        },
        {
            "productName": "Capri-Sun",
            "category": "Juices & Nectars",
            "currentPrice": "0.74€",
            "oldPrice": "1.49€",
            "packageSize": "div. Sorten, 0.2 Liter",
            "unitPrice": "3.70/liter",
            "discount": "3+3 Gratis",
            "availabilityDateRange": "23.10. - 29.10.2025",
            "productHash": "capri_sundiv_sorten_02_literjuices_nectars",
            "offerEndDate": "2025-10-29",
            "offerStartDate": "2025-10-23",
            "currentPriceNumeric": 0.74,
            "oldPriceNumeric": 1.49,
            "storeName": "BILLA"
        },
        {
            "productName": "Happy Day Fruchtsaft",
            "category": "Juices & Nectars",
            "currentPrice": "1.86€",
            "oldPrice": "2.79€",
            "packageSize": "div. Sorten, 1 Liter",
            "unitPrice": "1.86/liter",
            "discount": "2+1 Gratis",
            "availabilityDateRange": "23.10. - 29.10.2025",
            "productHash": "happy_day_fruchtsaftdiv_sorten_1_literjuices_nectars",
            "offerEndDate": "2025-10-29",
            "offerStartDate": "2025-10-23",
            "currentPriceNumeric": 1.86,
            "oldPriceNumeric": 2.79,
            "storeName": "BILLA"
        },
        {
            "productName": "Yo Sirup",
            "category": "Syrups",
            "currentPrice": "2.66€",
            "oldPrice": "3.99€",
            "packageSize": "div. Sorten, 0.7 Liter",
            "unitPrice": "3.80/liter",
            "discount": "2+1 Gratis",
            "availabilityDateRange": "23.10. - 29.10.2025",
            "productHash": "yo_sirupdiv_sorten_07_litersyrups",
            "offerEndDate": "2025-10-29",
            "offerStartDate": "2025-10-23",
            "currentPriceNumeric": 2.66,
            "oldPriceNumeric": 3.99,
            "storeName": "BILLA"
        },
        {
            "productName": "Schartner Bombe",
            "category": "Soft Drinks",
            "currentPrice": "0.57€",
            "oldPrice": "0.85€",
            "packageSize": "div. Sorten, 0.5 Liter Flasche",
            "unitPrice": "1.14/liter",
            "discount": "12+12 Gratis",
            "availabilityDateRange": "23.10. - 29.10.2025",
            "productHash": "schartner_bombediv_sorten_05_liter_flaschesoft_drinks",
            "offerEndDate": "2025-10-29",
            "offerStartDate": "2025-10-23",
            "currentPriceNumeric": 0.57,
            "oldPriceNumeric": 0.85,
            "storeName": "BILLA"
        },
        {
            "productName": "Fruhstuckler Limonade",
            "category": "Soft Drinks",
            "currentPrice": "1.99€",
            "oldPrice": "N/A",
            "packageSize": "div. Sorten, 0.5 Liter",
            "unitPrice": "0.66/liter",
            "discount": "3+3 Gratis",
            "availabilityDateRange": "23.10. - 29.10.2025",
            "productHash": "fruhstuckler_limonadediv_sorten_05_litersoft_drinks",
            "offerEndDate": "2025-10-29",
            "offerStartDate": "2025-10-23",
            "currentPriceNumeric": 1.99,
            "oldPriceNumeric": null,
            "storeName": "BILLA"
        },
        {
            "productName": "Römerquelle Mineralwasser",
            "category": "Water",
            "currentPrice": "1.39€",
            "oldPrice": "1.99€",
            "packageSize": "div. Sorten, 1.5 Liter",
            "unitPrice": "0.69/liter",
            "discount": "3+3 Gratis",
            "availabilityDateRange": "23.10. - 29.10.2025",
            "productHash": "römerquelle_mineralwasserdiv_sorten_15_literwater",
            "offerEndDate": "2025-10-29",
            "offerStartDate": "2025-10-23",
            "currentPriceNumeric": 1.39,
            "oldPriceNumeric": 1.99,
            "storeName": "BILLA"
        },
        {
            "productName": "Vöslauer Mineralwasser",
            "category": "Water",
            "currentPrice": "0.47€",
            "oldPrice": "0.95€",
            "packageSize": "div. Sorten, 1.0 Liter",
            "unitPrice": "0.47/liter",
            "discount": "3+3 Gratis",
            "availabilityDateRange": "23.10. - 29.10.2025",
            "productHash": "vöslauer_mineralwasserdiv_sorten_10_literwater",
            "offerEndDate": "2025-10-29",
            "offerStartDate": "2025-10-23",
            "currentPriceNumeric": 0.47,
            "oldPriceNumeric": 0.95,
            "storeName": "BILLA"
        },
        {
            "productName": "Pilsner Urquell",
            "category": "Beer",
            "currentPrice": "5.94€",
            "oldPrice": "8.64€",
            "packageSize": "6 Flaschen, 0.5 Liter",
            "unitPrice": "1.98/liter",
            "discount": "31%",
            "availabilityDateRange": "23.10. - 29.10.2025",
            "productHash": "pilsner_urquell6_flaschen_05_literbeer",
            "offerEndDate": "2025-10-29",
            "offerStartDate": "2025-10-23",
            "currentPriceNumeric": 5.94,
            "oldPriceNumeric": 8.64,
            "storeName": "BILLA"
        },
        {
            "productName": "Stiegl Goldbräu",
            "category": "Beer",
            "currentPrice": "6.54€",
            "oldPrice": "9.30€",
            "packageSize": "6 Flaschen, 0.5 Liter",
            "unitPrice": "2.18/liter",
            "discount": "29%",
            "availabilityDateRange": "23.10. - 29.10.2025",
            "productHash": "stiegl_goldbräu6_flaschen_05_literbeer",
            "offerEndDate": "2025-10-29",
            "offerStartDate": "2025-10-23",
            "currentPriceNumeric": 6.54,
            "oldPriceNumeric": 9.3,
            "storeName": "BILLA"
        },
        {
            "productName": "Wieselburger Export Lager",
            "category": "Beer",
            "currentPrice": "6.76€",
            "oldPrice": "8.56€",
            "packageSize": "6 Flaschen, 0.5 Liter",
            "unitPrice": "2.25/liter",
            "discount": "20%",
            "availabilityDateRange": "23.10. - 29.10.2025",
            "productHash": "wieselburger_export_lager6_flaschen_05_literbeer",
            "offerEndDate": "2025-10-29",
            "offerStartDate": "2025-10-23",
            "currentPriceNumeric": 6.76,
            "oldPriceNumeric": 8.56,
            "storeName": "BILLA"
        },
        {
            "productName": "Zipfer hell",
            "category": "Beer",
            "currentPrice": "19.80€",
            "oldPrice": "27.60€",
            "packageSize": "1 Kiste",
            "unitPrice": "N/A",
            "discount": "28%",
            "availabilityDateRange": "23.10. - 29.10.2025",
            "productHash": "zipfer_hell1_kistebeer",
            "offerEndDate": "2025-10-29",
            "offerStartDate": "2025-10-23",
            "currentPriceNumeric": 19.8,
            "oldPriceNumeric": 27.6,
            "storeName": "BILLA"
        },
        {
            "productName": "Egger Märzen",
            "category": "Beer",
            "currentPrice": "0.57€",
            "oldPrice": "0.85€",
            "packageSize": "div. Sorten, 0.5 Liter",
            "unitPrice": "1.14/liter",
            "discount": "12+12 Gratis",
            "availabilityDateRange": "23.10. - 29.10.2025",
            "productHash": "egger_märzendiv_sorten_05_literbeer",
            "offerEndDate": "2025-10-29",
            "offerStartDate": "2025-10-23",
            "currentPriceNumeric": 0.57,
            "oldPriceNumeric": 0.85,
            "storeName": "BILLA"
        },
        {
            "productName": "Puntigamer",
            "category": "Beer",
            "currentPrice": "0.65€",
            "oldPrice": "1.45€",
            "packageSize": "24 Dosen, 0.5 Liter",
            "unitPrice": "1.30/liter",
            "discount": "55%",
            "availabilityDateRange": "23.10. - 29.10.2025",
            "productHash": "puntigamer24_dosen_05_literbeer",
            "offerEndDate": "2025-10-29",
            "offerStartDate": "2025-10-23",
            "currentPriceNumeric": 0.65,
            "oldPriceNumeric": 1.45,
            "storeName": "BILLA"
        },
        {
            "productName": "Gösser Bio Stiftsbräu",
            "category": "Beer",
            "currentPrice": "0.69€",
            "oldPrice": "1.69€",
            "packageSize": "0.5 Liter",
            "unitPrice": "1.38/liter",
            "discount": "3+3 Gratis",
            "availabilityDateRange": "23.10. - 29.10.2025",
            "productHash": "gösser_bio_stiftsbräu05_literbeer",
            "offerEndDate": "2025-10-29",
            "offerStartDate": "2025-10-23",
            "currentPriceNumeric": 0.69,
            "oldPriceNumeric": 1.69,
            "storeName": "BILLA"
        },
        {
            "productName": "Heineken Lager",
            "category": "Beer",
            "currentPrice": "0.89€",
            "oldPrice": "1.79€",
            "packageSize": "0.5 Liter",
            "unitPrice": "1.78/liter",
            "discount": "4+4 Gratis",
            "availabilityDateRange": "23.10. - 29.10.2025",
            "productHash": "heineken_lager05_literbeer",
            "offerEndDate": "2025-10-29",
            "offerStartDate": "2025-10-23",
            "currentPriceNumeric": 0.89,
            "oldPriceNumeric": 1.79,
            "storeName": "BILLA"
        },
        {
            "productName": "Gösser Märzen",
            "category": "Beer",
            "currentPrice": "0.69€",
            "oldPrice": "1.39€",
            "packageSize": "0.5 Liter",
            "unitPrice": "1.38/liter",
            "discount": "12+12 Gratis",
            "availabilityDateRange": "23.10. - 29.10.2025",
            "productHash": "gösser_märzen05_literbeer",
            "offerEndDate": "2025-10-29",
            "offerStartDate": "2025-10-23",
            "currentPriceNumeric": 0.69,
            "oldPriceNumeric": 1.39,
            "storeName": "BILLA"
        },
        {
            "productName": "Samson Lager",
            "category": "Beer",
            "currentPrice": "10.20€",
            "oldPrice": "13.80€",
            "packageSize": "20 Flaschen, 0.5 Liter",
            "unitPrice": "1.02/liter",
            "discount": "26%",
            "availabilityDateRange": "23.10. - 29.10.2025",
            "productHash": "samson_lager20_flaschen_05_literbeer",
            "offerEndDate": "2025-10-29",
            "offerStartDate": "2025-10-23",
            "currentPriceNumeric": 10.2,
            "oldPriceNumeric": 13.8,
            "storeName": "BILLA"
        },
        {
            "productName": "Gösser Märzen (Kiste)",
            "category": "Beer",
            "currentPrice": "14.40€",
            "oldPrice": "28.80€",
            "packageSize": "im 20er-Träger",
            "unitPrice": "N/A",
            "discount": "50%",
            "availabilityDateRange": "23.10. - 29.10.2025",
            "productHash": "gösser_märzen_kisteim_20er_trägerbeer",
            "offerEndDate": "2025-10-29",
            "offerStartDate": "2025-10-23",
            "currentPriceNumeric": 14.4,
            "oldPriceNumeric": 28.8,
            "storeName": "BILLA"
        },
        {
            "productName": "Erbehain Heidelboden Zweigelt",
            "category": "Wine",
            "currentPrice": "8.99€",
            "oldPrice": "9.99€",
            "packageSize": "0.75 Liter Flasche",
            "unitPrice": "11.99/liter",
            "discount": "-1.00€",
            "availabilityDateRange": "23.10. - 29.10.2025",
            "productHash": "erbehain_heidelboden_zweigelt075_liter_flaschewine",
            "offerEndDate": "2025-10-29",
            "offerStartDate": "2025-10-23",
            "currentPriceNumeric": 8.99,
            "oldPriceNumeric": 9.99,
            "storeName": "BILLA"
        },
        {
            "productName": "BILLA Weinwelt Grüner Veltliner",
            "category": "Wine",
            "currentPrice": "6.99€",
            "oldPrice": "7.99€",
            "packageSize": "DAC 0.75 Liter Flasche",
            "unitPrice": "9.32/liter",
            "discount": "-1.00€",
            "availabilityDateRange": "23.10. - 29.10.2025",
            "productHash": "billa_weinwelt_grüner_veltlinerdac_075_liter_flaschewine",
            "offerEndDate": "2025-10-29",
            "offerStartDate": "2025-10-23",
            "currentPriceNumeric": 6.99,
            "oldPriceNumeric": 7.99,
            "storeName": "BILLA"
        },
        {
            "productName": "Malibu Kokoslikör",
            "category": "Liqueurs",
            "currentPrice": "12.99€",
            "oldPrice": "18.99€",
            "packageSize": "0.7 Liter Flasche",
            "unitPrice": "18.56/liter",
            "discount": "31%",
            "availabilityDateRange": "23.10. - 29.10.2025",
            "productHash": "malibu_kokoslikör07_liter_flascheliqueurs",
            "offerEndDate": "2025-10-29",
            "offerStartDate": "2025-10-23",
            "currentPriceNumeric": 12.99,
            "oldPriceNumeric": 18.99,
            "storeName": "BILLA"
        },
        {
            "productName": "Gordon's Gin",
            "category": "Spirits",
            "currentPrice": "12.99€",
            "oldPrice": "17.95€",
            "packageSize": "0.7 Liter Flasche",
            "unitPrice": "18.56/liter",
            "discount": "27%",
            "availabilityDateRange": "23.10. - 29.10.2025",
            "productHash": "gordons_gin07_liter_flaschespirits",
            "offerEndDate": "2025-10-29",
            "offerStartDate": "2025-10-23",
            "currentPriceNumeric": 12.99,
            "oldPriceNumeric": 17.95,
            "storeName": "BILLA"
        },
        {
            "productName": "Stolichnaya Vodka",
            "category": "Spirits",
            "currentPrice": "13.99€",
            "oldPrice": "18.99€",
            "packageSize": "0.7 Liter Flasche",
            "unitPrice": "19.99/liter",
            "discount": "26%",
            "availabilityDateRange": "23.10. - 29.10.2025",
            "productHash": "stolichnaya_vodka07_liter_flaschespirits",
            "offerEndDate": "2025-10-29",
            "offerStartDate": "2025-10-23",
            "currentPriceNumeric": 13.99,
            "oldPriceNumeric": 18.99,
            "storeName": "BILLA"
        },
        {
            "productName": "Jim Beam Bourbon Whiskey",
            "category": "Spirits",
            "currentPrice": "13.99€",
            "oldPrice": "18.99€",
            "packageSize": "0.7 Liter Flasche",
            "unitPrice": "19.99/liter",
            "discount": "26%",
            "availabilityDateRange": "23.10. - 29.10.2025",
            "productHash": "jim_beam_bourbon_whiskey07_liter_flaschespirits",
            "offerEndDate": "2025-10-29",
            "offerStartDate": "2025-10-23",
            "currentPriceNumeric": 13.99,
            "oldPriceNumeric": 18.99,
            "storeName": "BILLA"
        },
        {
            "productName": "Bacardi",
            "category": "Spirits",
            "currentPrice": "14.49€",
            "oldPrice": "17.99€",
            "packageSize": "0.7 Liter Flasche",
            "unitPrice": "20.70/liter",
            "discount": "35%",
            "availabilityDateRange": "23.10. - 29.10.2025",
            "productHash": "bacardi07_liter_flaschespirits",
            "offerEndDate": "2025-10-29",
            "offerStartDate": "2025-10-23",
            "currentPriceNumeric": 14.49,
            "oldPriceNumeric": 17.99,
            "storeName": "BILLA"
        },
        {
            "productName": "Averna Amaro Siciliano",
            "category": "Liqueurs",
            "currentPrice": "14.99€",
            "oldPrice": "18.49€",
            "packageSize": "0.7 Liter Flasche",
            "unitPrice": "21.41/liter",
            "discount": "-3.50€",
            "availabilityDateRange": "23.10. - 29.10.2025",
            "productHash": "averna_amaro_siciliano07_liter_flascheliqueurs",
            "offerEndDate": "2025-10-29",
            "offerStartDate": "2025-10-23",
            "currentPriceNumeric": 14.99,
            "oldPriceNumeric": 18.49,
            "storeName": "BILLA"
        },
        {
            "productName": "Jameson Irish Whiskey Black Barrel",
            "category": "Spirits",
            "currentPrice": "24.90€",
            "oldPrice": "37.90€",
            "packageSize": "0.7 Liter Flasche",
            "unitPrice": "35.57/liter",
            "discount": "34%",
            "availabilityDateRange": "23.10. - 29.10.2025",
            "productHash": "jameson_irish_whiskey_black_barrel07_liter_flaschespirits",
            "offerEndDate": "2025-10-29",
            "offerStartDate": "2025-10-23",
            "currentPriceNumeric": 24.9,
            "oldPriceNumeric": 37.9,
            "storeName": "BILLA"
        },
        {
            "productName": "Schlumberger Sekt",
            "category": "Wine",
            "currentPrice": "9.49€",
            "oldPrice": "16.99€",
            "packageSize": "div. Sorten, 0.75 Liter",
            "unitPrice": "12.65/liter",
            "discount": "44%",
            "availabilityDateRange": "23.10. - 29.10.2025",
            "productHash": "schlumberger_sektdiv_sorten_075_literwine",
            "offerEndDate": "2025-10-29",
            "offerStartDate": "2025-10-23",
            "currentPriceNumeric": 9.49,
            "oldPriceNumeric": 16.99,
            "storeName": "BILLA"
        },
        {
            "productName": "Johnnie Walker Red Label",
            "category": "Spirits",
            "currentPrice": "10.49€",
            "oldPrice": "19.99€",
            "packageSize": "0.7 Liter Flasche",
            "unitPrice": "14.98/liter",
            "discount": "47%",
            "availabilityDateRange": "23.10. - 29.10.2025",
            "productHash": "johnnie_walker_red_label07_liter_flaschespirits",
            "offerEndDate": "2025-10-29",
            "offerStartDate": "2025-10-23",
            "currentPriceNumeric": 10.49,
            "oldPriceNumeric": 19.99,
            "storeName": "BILLA"
        },
        {
            "productName": "Berliner Luft Pfefferminzlikör",
            "category": "Liqueurs",
            "currentPrice": "8.99€",
            "oldPrice": "13.99€",
            "packageSize": "0.7 Liter Flasche",
            "unitPrice": "12.84/liter",
            "discount": "35%",
            "availabilityDateRange": "23.10. - 29.10.2025",
            "productHash": "berliner_luft_pfefferminzlikör07_liter_flascheliqueurs",
            "offerEndDate": "2025-10-29",
            "offerStartDate": "2025-10-23",
            "currentPriceNumeric": 8.99,
            "oldPriceNumeric": 13.99,
            "storeName": "BILLA"
        },
        {
            "productName": "Dove Dusche",
            "category": "Personal Care",
            "currentPrice": "1.99€",
            "oldPrice": "2.49€",
            "packageSize": "div. Sorten, 500 ml",
            "unitPrice": "3.98/liter",
            "discount": "-1.00€",
            "availabilityDateRange": "23.10. - 29.10.2025",
            "productHash": "dove_duschediv_sorten_500_mlpersonal_care",
            "offerEndDate": "2025-10-29",
            "offerStartDate": "2025-10-23",
            "currentPriceNumeric": 1.99,
            "oldPriceNumeric": 2.49,
            "storeName": "BILLA"
        },
        {
            "productName": "Axe Duschgel",
            "category": "Personal Care",
            "currentPrice": "2.29€",
            "oldPrice": "2.99€",
            "packageSize": "div. Sorten, 250 ml",
            "unitPrice": "9.16/liter",
            "discount": "-0.70€",
            "availabilityDateRange": "23.10. - 29.10.2025",
            "productHash": "axe_duschgeldiv_sorten_250_mlpersonal_care",
            "offerEndDate": "2025-10-29",
            "offerStartDate": "2025-10-23",
            "currentPriceNumeric": 2.29,
            "oldPriceNumeric": 2.99,
            "storeName": "BILLA"
        },
        {
            "productName": "Axe Duschspray",
            "category": "Personal Care",
            "currentPrice": "2.99€",
            "oldPrice": "4.49€",
            "packageSize": "div. Sorten, 150 ml",
            "unitPrice": "19.93/liter",
            "discount": "2+1 Gratis",
            "availabilityDateRange": "23.10. - 29.10.2025",
            "productHash": "axe_duschspraydiv_sorten_150_mlpersonal_care",
            "offerEndDate": "2025-10-29",
            "offerStartDate": "2025-10-23",
            "currentPriceNumeric": 2.99,
            "oldPriceNumeric": 4.49,
            "storeName": "BILLA"
        },
        {
            "productName": "Omo Waschmittel",
            "category": "Laundry Detergent",
            "currentPrice": "7.99€",
            "oldPrice": "9.99€",
            "packageSize": "div. Sorten, 40 Wäschen",
            "unitPrice": "N/A",
            "discount": "-4.00€",
            "availabilityDateRange": "23.10. - 29.10.2025",
            "productHash": "omo_waschmitteldiv_sorten_40_wäschenlaundry_detergent",
            "offerEndDate": "2025-10-29",
            "offerStartDate": "2025-10-23",
            "currentPriceNumeric": 7.99,
            "oldPriceNumeric": 9.99,
            "storeName": "BILLA"
        },
        {
            "productName": "Coral Waschmittel",
            "category": "Laundry Detergent",
            "currentPrice": "5.99€",
            "oldPrice": "6.49€",
            "packageSize": "div. Sorten, 19 - 25 Wäschen",
            "unitPrice": "N/A",
            "discount": "-1.00€",
            "availabilityDateRange": "23.10. - 29.10.2025",
            "productHash": "coral_waschmitteldiv_sorten_19_25_wäschenlaundry_detergent",
            "offerEndDate": "2025-10-29",
            "offerStartDate": "2025-10-23",
            "currentPriceNumeric": 5.99,
            "oldPriceNumeric": 6.49,
            "storeName": "BILLA"
        },
        {
            "productName": "Cif Bad & Dusche Sprühflasche",
            "category": "Cleaning Supplies",
            "currentPrice": "2.99€",
            "oldPrice": "3.99€",
            "packageSize": "750 ml",
            "unitPrice": "3.99/liter",
            "discount": "-0.50€",
            "availabilityDateRange": "23.10. - 29.10.2025",
            "productHash": "cif_bad_dusche_sprühflasche750_mlcleaning_supplies",
            "offerEndDate": "2025-10-29",
            "offerStartDate": "2025-10-23",
            "currentPriceNumeric": 2.99,
            "oldPriceNumeric": 3.99,
            "storeName": "BILLA"
        },
        {
            "productName": "Pampers Windeln",
            "category": "Baby Care",
            "currentPrice": "13.33€",
            "oldPrice": "19.99€",
            "packageSize": "div. Sorten, Gr. 2-74 Stk.",
            "unitPrice": "N/A",
            "discount": "2+1 Gratis",
            "availabilityDateRange": "23.10. - 29.10.2025",
            "productHash": "pampers_windelndiv_sorten_gr_2_74_stkbaby_care",
            "offerEndDate": "2025-10-29",
            "offerStartDate": "2025-10-23",
            "currentPriceNumeric": 13.33,
            "oldPriceNumeric": 19.99,
            "storeName": "BILLA"
        },
        {
            "productName": "Blue Star WC Reiniger",
            "category": "Cleaning Supplies",
            "currentPrice": "3.49€",
            "oldPrice": "4.59€",
            "packageSize": "div. Sorten, 700 ml",
            "unitPrice": "4.98/liter",
            "discount": "-2.20€",
            "availabilityDateRange": "23.10. - 29.10.2025",
            "productHash": "blue_star_wc_reinigerdiv_sorten_700_mlcleaning_supplies",
            "offerEndDate": "2025-10-29",
            "offerStartDate": "2025-10-23",
            "currentPriceNumeric": 3.49,
            "oldPriceNumeric": 4.59,
            "storeName": "BILLA"
        },
        {
            "productName": "Head & Shoulders Shampoo",
            "category": "Personal Care",
            "currentPrice": "3.32€",
            "oldPrice": "4.99€",
            "packageSize": "div. Sorten, 300 ml - 400 ml",
            "unitPrice": "N/A",
            "discount": "2+1 Gratis",
            "availabilityDateRange": "23.10. - 29.10.2025",
            "productHash": "head_shoulders_shampoodiv_sorten_300_ml_400_mlpersonal_care",
            "offerEndDate": "2025-10-29",
            "offerStartDate": "2025-10-23",
            "currentPriceNumeric": 3.32,
            "oldPriceNumeric": 4.99,
            "storeName": "BILLA"
        },
        {
            "productName": "Somat All in 1 Extra",
            "category": "Dishwashing Detergent",
            "currentPrice": "6.29€",
            "oldPrice": "9.99€",
            "packageSize": "125 Waschgänge",
            "unitPrice": "N/A",
            "discount": "37%",
            "availabilityDateRange": "23.10. - 29.10.2025",
            "productHash": "somat_all_in_1_extra125_waschgängedishwashing_detergent",
            "offerEndDate": "2025-10-29",
            "offerStartDate": "2025-10-23",
            "currentPriceNumeric": 6.29,
            "oldPriceNumeric": 9.99,
            "storeName": "BILLA"
        },
        {
            "productName": "Tempo Taschentücher",
            "category": "Paper Products",
            "currentPrice": "4.99€",
            "oldPrice": "N/A",
            "packageSize": "20x9 Stück od. Trio Box",
            "unitPrice": "N/A",
            "discount": "N/A",
            "availabilityDateRange": "23.10. - 29.10.2025",
            "productHash": "tempo_taschentücher20x9_stück_od_trio_boxpaper_products",
            "offerEndDate": "2025-10-29",
            "offerStartDate": "2025-10-23",
            "currentPriceNumeric": 4.99,
            "oldPriceNumeric": null,
            "storeName": "BILLA"
        },
        {
            "productName": "Cosy Toilettenpapier",
            "category": "Paper Products",
            "currentPrice": "6.79€",
            "oldPrice": "N/A",
            "packageSize": "10 Rollen",
            "unitPrice": "N/A",
            "discount": "N/A",
            "availabilityDateRange": "23.10. - 29.10.2025",
            "productHash": "cosy_toilettenpapier10_rollenpaper_products",
            "offerEndDate": "2025-10-29",
            "offerStartDate": "2025-10-23",
            "currentPriceNumeric": 6.79,
            "oldPriceNumeric": null,
            "storeName": "BILLA"
        },
        {
            "productName": "Weißer Riese Waschmittel",
            "category": "Laundry Detergent",
            "currentPrice": "15.99€",
            "oldPrice": "N/A",
            "packageSize": "100 Wäschen Universal",
            "unitPrice": "N/A",
            "discount": "N/A",
            "availabilityDateRange": "23.10. - 29.10.2025",
            "productHash": "weißer_riese_waschmittel100_wäschen_universallaundry_deterge",
            "offerEndDate": "2025-10-29",
            "offerStartDate": "2025-10-23",
            "currentPriceNumeric": 15.99,
            "oldPriceNumeric": null,
            "storeName": "BILLA"
        },
        {
            "productName": "clever Schweineschnitzel",
            "category": "Meat & Poultry",
            "currentPrice": "5.99€",
            "oldPrice": "N/A",
            "packageSize": "ohne Knochen od. Schnitzelpack",
            "unitPrice": "N/A",
            "discount": "N/A",
            "availabilityDateRange": "23.10. - 29.10.2025",
            "productHash": "clever_schweineschnitzelohne_knochen_od_schnitzelpackmeat_po",
            "offerEndDate": "2025-10-29",
            "offerStartDate": "2025-10-23",
            "currentPriceNumeric": 5.99,
            "oldPriceNumeric": null,
            "storeName": "BILLA"
        },
        {
            "productName": "clever Hühnerschenkel classic",
            "category": "Meat & Poultry",
            "currentPrice": "1.79€",
            "oldPrice": "N/A",
            "packageSize": "125 g",
            "unitPrice": "14.32/kg",
            "discount": "N/A",
            "availabilityDateRange": "23.10. - 29.10.2025",
            "productHash": "clever_hühnerschenkel_classic125_gmeat_poultry",
            "offerEndDate": "2025-10-29",
            "offerStartDate": "2025-10-23",
            "currentPriceNumeric": 1.79,
            "oldPriceNumeric": null,
            "storeName": "BILLA"
        },
        {
            "productName": "clever Bauchspeck",
            "category": "Processed Meat",
            "currentPrice": "3.29€",
            "oldPrice": "3.99€",
            "packageSize": "160 g",
            "unitPrice": "20.56/kg",
            "discount": "N/A",
            "availabilityDateRange": "23.10. - 29.10.2025",
            "productHash": "clever_bauchspeck160_gprocessed_meat",
            "offerEndDate": "2025-10-29",
            "offerStartDate": "2025-10-23",
            "currentPriceNumeric": 3.29,
            "oldPriceNumeric": 3.99,
            "storeName": "BILLA"
        },
        {
            "productName": "clever Kaisersemmel",
            "category": "Baked Goods",
            "currentPrice": "0.19€",
            "oldPrice": "0.25€",
            "packageSize": "per Stück",
            "unitPrice": "N/A",
            "discount": "N/A",
            "availabilityDateRange": "23.10. - 29.10.2025",
            "productHash": "clever_kaisersemmelper_stückbaked_goods",
            "offerEndDate": "2025-10-29",
            "offerStartDate": "2025-10-23",
            "currentPriceNumeric": 0.19,
            "oldPriceNumeric": 0.25,
            "storeName": "BILLA"
        },
        {
            "productName": "clever Erdäpfelsalat",
            "category": "Deli Salads",
            "currentPrice": "2.99€",
            "oldPrice": "3.19€",
            "packageSize": "1 Kilo Becher",
            "unitPrice": "2.99/kg",
            "discount": "N/A",
            "availabilityDateRange": "23.10. - 29.10.2025",
            "productHash": "clever_erdäpfelsalat1_kilo_becherdeli_salads",
            "offerEndDate": "2025-10-29",
            "offerStartDate": "2025-10-23",
            "currentPriceNumeric": 2.99,
            "oldPriceNumeric": 3.19,
            "storeName": "BILLA"
        },
        {
            "productName": "clever Edamer",
            "category": "Cheese",
            "currentPrice": "2.89€",
            "oldPrice": "N/A",
            "packageSize": "im Stück, 300 g",
            "unitPrice": "9.63/kg",
            "discount": "N/A",
            "availabilityDateRange": "23.10. - 29.10.2025",
            "productHash": "clever_edamerim_stück_300_gcheese",
            "offerEndDate": "2025-10-29",
            "offerStartDate": "2025-10-23",
            "currentPriceNumeric": 2.89,
            "oldPriceNumeric": null,
            "storeName": "BILLA"
        },
        {
            "productName": "clever Strudel (Marille/Topfen)",
            "category": "Baked Goods",
            "currentPrice": "0.79€",
            "oldPrice": "0.89€",
            "packageSize": "100g",
            "unitPrice": "N/A",
            "discount": "N/A",
            "availabilityDateRange": "23.10. - 29.10.2025",
            "productHash": "clever_strudel_marilletopfen100gbaked_goods",
            "offerEndDate": "2025-10-29",
            "offerStartDate": "2025-10-23",
            "currentPriceNumeric": 0.79,
            "oldPriceNumeric": 0.89,
            "storeName": "BILLA"
        },
        {
            "productName": "clever Strudel (Apfel)",
            "category": "Baked Goods",
            "currentPrice": "0.79€",
            "oldPrice": "0.89€",
            "packageSize": "100g",
            "unitPrice": "N/A",
            "discount": "N/A",
            "availabilityDateRange": "23.10. - 29.10.2025",
            "productHash": "clever_strudel_apfel100gbaked_goods",
            "offerEndDate": "2025-10-29",
            "offerStartDate": "2025-10-23",
            "currentPriceNumeric": 0.79,
            "oldPriceNumeric": 0.89,
            "storeName": "BILLA"
        },
        {
            "productName": "clever Strudel",
            "category": "Baked Goods",
            "currentPrice": "3.29€",
            "oldPrice": "3.45€",
            "packageSize": "800 g",
            "unitPrice": "4.11/kg",
            "discount": "N/A",
            "availabilityDateRange": "23.10. - 29.10.2025",
            "productHash": "clever_strudel800_gbaked_goods",
            "offerEndDate": "2025-10-29",
            "offerStartDate": "2025-10-23",
            "currentPriceNumeric": 3.29,
            "oldPriceNumeric": 3.45,
            "storeName": "BILLA"
        },
        {
            "productName": "clever Tortelloni",
            "category": "Pasta",
            "currentPrice": "1.79€",
            "oldPrice": "1.99€",
            "packageSize": "Schinken & Tomate, 400 g",
            "unitPrice": "4.48/kg",
            "discount": "N/A",
            "availabilityDateRange": "23.10. - 29.10.2025",
            "productHash": "clever_tortellonischinken_tomate_400_gpasta",
            "offerEndDate": "2025-10-29",
            "offerStartDate": "2025-10-23",
            "currentPriceNumeric": 1.79,
            "oldPriceNumeric": 1.99,
            "storeName": "BILLA"
        },
        {
            "productName": "clever Bauernbrot",
            "category": "Baked Goods",
            "currentPrice": "1.29€",
            "oldPrice": "1.79€",
            "packageSize": "750 g",
            "unitPrice": "1.72/kg",
            "discount": "N/A",
            "availabilityDateRange": "23.10. - 29.10.2025",
            "productHash": "clever_bauernbrot750_gbaked_goods",
            "offerEndDate": "2025-10-29",
            "offerStartDate": "2025-10-23",
            "currentPriceNumeric": 1.29,
            "oldPriceNumeric": 1.79,
            "storeName": "BILLA"
        },
        {
            "productName": "clever Baguette",
            "category": "Baked Goods",
            "currentPrice": "0.79€",
            "oldPrice": "0.89€",
            "packageSize": "300 g Packung",
            "unitPrice": "2.63/kg",
            "discount": "N/A",
            "availabilityDateRange": "23.10. - 29.10.2025",
            "productHash": "clever_baguette300_g_packungbaked_goods",
            "offerEndDate": "2025-10-29",
            "offerStartDate": "2025-10-23",
            "currentPriceNumeric": 0.79,
            "oldPriceNumeric": 0.89,
            "storeName": "BILLA"
        },
        {
            "productName": "clever Chicken Nuggets",
            "category": "Frozen Meals",
            "currentPrice": "2.29€",
            "oldPrice": "2.79€",
            "packageSize": "200 g, 250 g, 300 g",
            "unitPrice": "N/A",
            "discount": "N/A",
            "availabilityDateRange": "23.10. - 29.10.2025",
            "productHash": "clever_chicken_nuggets200_g_250_g_300_gfrozen_meals",
            "offerEndDate": "2025-10-29",
            "offerStartDate": "2025-10-23",
            "currentPriceNumeric": 2.29,
            "oldPriceNumeric": 2.79,
            "storeName": "BILLA"
        },
        {
            "productName": "clever Apfelstrudel",
            "category": "Baked Goods",
            "currentPrice": "1.89€",
            "oldPrice": "1.99€",
            "packageSize": "600 g",
            "unitPrice": "3.15/kg",
            "discount": "N/A",
            "availabilityDateRange": "23.10. - 29.10.2025",
            "productHash": "clever_apfelstrudel600_gbaked_goods",
            "offerEndDate": "2025-10-29",
            "offerStartDate": "2025-10-23",
            "currentPriceNumeric": 1.89,
            "oldPriceNumeric": 1.99,
            "storeName": "BILLA"
        },
        {
            "productName": "clever Espresso",
            "category": "Coffee",
            "currentPrice": "2.99€",
            "oldPrice": "3.49€",
            "packageSize": "500 g",
            "unitPrice": "5.98/kg",
            "discount": "N/A",
            "availabilityDateRange": "23.10. - 29.10.2025",
            "productHash": "clever_espresso500_gcoffee",
            "offerEndDate": "2025-10-29",
            "offerStartDate": "2025-10-23",
            "currentPriceNumeric": 2.99,
            "oldPriceNumeric": 3.49,
            "storeName": "BILLA"
        },
        {
            "productName": "clever Typ Cappuccino",
            "category": "Coffee",
            "currentPrice": "2.49€",
            "oldPrice": "3.55€",
            "packageSize": "400 g",
            "unitPrice": "6.23/kg",
            "discount": "N/A",
            "availabilityDateRange": "23.10. - 29.10.2025",
            "productHash": "clever_typ_cappuccino400_gcoffee",
            "offerEndDate": "2025-10-29",
            "offerStartDate": "2025-10-23",
            "currentPriceNumeric": 2.49,
            "oldPriceNumeric": 3.55,
            "storeName": "BILLA"
        },
        {
            "productName": "clever Cola",
            "category": "Soft Drinks",
            "currentPrice": "0.26€",
            "oldPrice": "0.39€",
            "packageSize": "1.5 Liter",
            "unitPrice": "0.17/liter",
            "discount": "N/A",
            "availabilityDateRange": "23.10. - 29.10.2025",
            "productHash": "clever_cola15_litersoft_drinks",
            "offerEndDate": "2025-10-29",
            "offerStartDate": "2025-10-23",
            "currentPriceNumeric": 0.26,
            "oldPriceNumeric": 0.39,
            "storeName": "BILLA"
        },
        {
            "productName": "clever Bio Apfelsaft naturtrüb",
            "category": "Juices & Nectars",
            "currentPrice": "1.29€",
            "oldPrice": "1.49€",
            "packageSize": "1 Liter",
            "unitPrice": "1.29/liter",
            "discount": "N/A",
            "availabilityDateRange": "23.10. - 29.10.2025",
            "productHash": "clever_bio_apfelsaft_naturtrüb1_literjuices_nectars",
            "offerEndDate": "2025-10-29",
            "offerStartDate": "2025-10-23",
            "currentPriceNumeric": 1.29,
            "oldPriceNumeric": 1.49,
            "storeName": "BILLA"
        },
        {
            "productName": "clever Mühlviertler Kekse",
            "category": "Biscuits & Cookies",
            "currentPrice": "1.49€",
            "oldPrice": "1.69€",
            "packageSize": "200 g",
            "unitPrice": "7.45/kg",
            "discount": "N/A",
            "availabilityDateRange": "23.10. - 29.10.2025",
            "productHash": "clever_mühlviertler_kekse200_gbiscuits_cookies",
            "offerEndDate": "2025-10-29",
            "offerStartDate": "2025-10-23",
            "currentPriceNumeric": 1.49,
            "oldPriceNumeric": 1.69,
            "storeName": "BILLA"
        },
        {
            "productName": "clever Soft Cake",
            "category": "Biscuits & Cookies",
            "currentPrice": "1.99€",
            "oldPrice": "2.49€",
            "packageSize": "200 g",
            "unitPrice": "9.95/kg",
            "discount": "N/A",
            "availabilityDateRange": "23.10. - 29.10.2025",
            "productHash": "clever_soft_cake200_gbiscuits_cookies",
            "offerEndDate": "2025-10-29",
            "offerStartDate": "2025-10-23",
            "currentPriceNumeric": 1.99,
            "oldPriceNumeric": 2.49,
            "storeName": "BILLA"
        },
        {
            "productName": "clever Sprühfix",
            "category": "Cleaning Supplies",
            "currentPrice": "0.99€",
            "oldPrice": "1.29€",
            "packageSize": "250 ml",
            "unitPrice": "3.96/liter",
            "discount": "N/A",
            "availabilityDateRange": "23.10. - 29.10.2025",
            "productHash": "clever_sprühfix250_mlcleaning_supplies",
            "offerEndDate": "2025-10-29",
            "offerStartDate": "2025-10-23",
            "currentPriceNumeric": 0.99,
            "oldPriceNumeric": 1.29,
            "storeName": "BILLA"
        },
        {
            "productName": "clever Fusilli",
            "category": "Pasta",
            "currentPrice": "1.19€",
            "oldPrice": "1.38€",
            "packageSize": "500 g",
            "unitPrice": "2.38/kg",
            "discount": "N/A",
            "availabilityDateRange": "23.10. - 29.10.2025",
            "productHash": "clever_fusilli500_gpasta",
            "offerEndDate": "2025-10-29",
            "offerStartDate": "2025-10-23",
            "currentPriceNumeric": 1.19,
            "oldPriceNumeric": 1.38,
            "storeName": "BILLA"
        },
        {
            "productName": "clever Erdnussflips",
            "category": "Snacks",
            "currentPrice": "0.79€",
            "oldPrice": "0.99€",
            "packageSize": "200 g",
            "unitPrice": "3.95/kg",
            "discount": "N/A",
            "availabilityDateRange": "23.10. - 29.10.2025",
            "productHash": "clever_erdnussflips200_gsnacks",
            "offerEndDate": "2025-10-29",
            "offerStartDate": "2025-10-23",
            "currentPriceNumeric": 0.79,
            "oldPriceNumeric": 0.99,
            "storeName": "BILLA"
        },
        {
            "productName": "clever Kalifornische Pistazien",
            "category": "Nuts & Seeds",
            "currentPrice": "2.99€",
            "oldPrice": "3.49€",
            "packageSize": "250 g",
            "unitPrice": "11.96/kg",
            "discount": "N/A",
            "availabilityDateRange": "23.10. - 29.10.2025",
            "productHash": "clever_kalifornische_pistazien250_gnuts_seeds",
            "offerEndDate": "2025-10-29",
            "offerStartDate": "2025-10-23",
            "currentPriceNumeric": 2.99,
            "oldPriceNumeric": 3.49,
            "storeName": "BILLA"
        },
        {
            "productName": "clever Kartoffel Chips",
            "category": "Snacks",
            "currentPrice": "1.19€",
            "oldPrice": "1.59€",
            "packageSize": "200 g",
            "unitPrice": "5.95/kg",
            "discount": "N/A",
            "availabilityDateRange": "23.10. - 29.10.2025",
            "productHash": "clever_kartoffel_chips200_gsnacks",
            "offerEndDate": "2025-10-29",
            "offerStartDate": "2025-10-23",
            "currentPriceNumeric": 1.19,
            "oldPriceNumeric": 1.59,
            "storeName": "BILLA"
        },
        {
            "productName": "clever Tomatenmark",
            "category": "Canned Goods",
            "currentPrice": "0.69€",
            "oldPrice": "0.99€",
            "packageSize": "200 g",
            "unitPrice": "3.45/kg",
            "discount": "N/A",
            "availabilityDateRange": "23.10. - 29.10.2025",
            "productHash": "clever_tomatenmark200_gcanned_goods",
            "offerEndDate": "2025-10-29",
            "offerStartDate": "2025-10-23",
            "currentPriceNumeric": 0.69,
            "oldPriceNumeric": 0.99,
            "storeName": "BILLA"
        },
        {
            "productName": "clever Allzweckreiniger",
            "category": "Cleaning Supplies",
            "currentPrice": "3.79€",
            "oldPrice": "3.99€",
            "packageSize": "1 Liter",
            "unitPrice": "3.79/liter",
            "discount": "N/A",
            "availabilityDateRange": "23.10. - 29.10.2025",
            "productHash": "clever_allzweckreiniger1_litercleaning_supplies",
            "offerEndDate": "2025-10-29",
            "offerStartDate": "2025-10-23",
            "currentPriceNumeric": 3.79,
            "oldPriceNumeric": 3.99,
            "storeName": "BILLA"
        },
        {
            "productName": "clever Toilettenpapier",
            "category": "Paper Products",
            "currentPrice": "3.99€",
            "oldPrice": "4.39€",
            "packageSize": "10 Rollen",
            "unitPrice": "N/A",
            "discount": "N/A",
            "availabilityDateRange": "23.10. - 29.10.2025",
            "productHash": "clever_toilettenpapier10_rollenpaper_products",
            "offerEndDate": "2025-10-29",
            "offerStartDate": "2025-10-23",
            "currentPriceNumeric": 3.99,
            "oldPriceNumeric": 4.39,
            "storeName": "BILLA"
        },
        {
            "productName": "Ja! Naturlich Speisekürbis Hokkaido",
            "category": "Vegetables",
            "currentPrice": "1.79€",
            "oldPrice": "2.19€",
            "packageSize": "per Kilo",
            "unitPrice": "1.79/kg",
            "discount": "-0.40€",
            "availabilityDateRange": "23.10. - 29.10.2025",
            "productHash": "ja_naturlich_speisekürbis_hokkaidoper_kilovegetables",
            "offerEndDate": "2025-10-29",
            "offerStartDate": "2025-10-23",
            "currentPriceNumeric": 1.79,
            "oldPriceNumeric": 2.19,
            "storeName": "BILLA"
        },
        {
            "productName": "clever Faschiertes gemischt",
            "category": "Meat & Poultry",
            "currentPrice": "5.99€",
            "oldPrice": "8.49€",
            "packageSize": "Großpackung, 1 Kilo Packung",
            "unitPrice": "5.99/kg",
            "discount": "29%",
            "availabilityDateRange": "23.10. - 29.10.2025",
            "productHash": "clever_faschiertes_gemischtgroßpackung_1_kilo_packungmeat_po",
            "offerEndDate": "2025-10-29",
            "offerStartDate": "2025-10-23",
            "currentPriceNumeric": 5.99,
            "oldPriceNumeric": 8.49,
            "storeName": "BILLA"
        },
        {
            "productName": "4 Diamanten Thunfisch",
            "category": "Canned Fish",
            "currentPrice": "2.32€",
            "oldPrice": "3.49€",
            "packageSize": "div. Sorten, 185 g",
            "unitPrice": "12.54/kg",
            "discount": "2+1 Gratis",
            "availabilityDateRange": "23.10. - 29.10.2025",
            "productHash": "4_diamanten_thunfischdiv_sorten_185_gcanned_fish",
            "offerEndDate": "2025-10-29",
            "offerStartDate": "2025-10-23",
            "currentPriceNumeric": 2.32,
            "oldPriceNumeric": 3.49,
            "storeName": "BILLA"
        },
        {
            "productName": "Dallmayr Crema d'Oro",
            "category": "Coffee",
            "currentPrice": "19.99€",
            "oldPrice": "29.99€",
            "packageSize": "div. Sorten, 1 Kilo Packung",
            "unitPrice": "19.99/kg",
            "discount": "33%",
            "availabilityDateRange": "23.10. - 29.10.2025",
            "productHash": "dallmayr_crema_dorodiv_sorten_1_kilo_packungcoffee",
            "offerEndDate": "2025-10-29",
            "offerStartDate": "2025-10-23",
            "currentPriceNumeric": 19.99,
            "oldPriceNumeric": 29.99,
            "storeName": "BILLA"
        },
        {
            "productName": "Coca-Cola",
            "category": "Soft Drinks",
            "currentPrice": "0.99€",
            "oldPrice": "1.99€",
            "packageSize": "div. Sorten, 0.5 Liter",
            "unitPrice": "0.99/liter",
            "discount": "3+3 Gratis",
            "availabilityDateRange": "23.10. - 29.10.2025",
            "productHash": "coca_coladiv_sorten_05_litersoft_drinks",
            "offerEndDate": "2025-10-29",
            "offerStartDate": "2025-10-23",
            "currentPriceNumeric": 0.99,
            "oldPriceNumeric": 1.99,
            "storeName": "BILLA"
        },
        {
            "productName": "Wieselburger Bier",
            "category": "Beer",
            "currentPrice": "13.80€",
            "oldPrice": "26.80€",
            "packageSize": "im 20er-Träger, 1 Kiste + 20 Flaschen",
            "unitPrice": "N/A",
            "discount": "48%",
            "availabilityDateRange": "23.10. - 29.10.2025",
            "productHash": "wieselburger_bierim_20er_träger_1_kiste_20_flaschenbeer",
            "offerEndDate": "2025-10-29",
            "offerStartDate": "2025-10-23",
            "currentPriceNumeric": 13.8,
            "oldPriceNumeric": 26.8,
            "storeName": "BILLA"
        },
        {
            "productName": "Ja! Natürlich Bio Bananen",
            "category": "Fruits",
            "currentPrice": "1.49€",
            "oldPrice": "2.49€",
            "packageSize": "1 kg",
            "unitPrice": "N/A",
            "discount": "-40% billiger",
            "availabilityDateRange": "Freitag & Samstag 24.10. & 25.10.2025",
            "productHash": "ja_natürlich_bio_bananen1_kgfruits",
            "offerEndDate": "2025-10-29",
            "offerStartDate": "2025-10-29",
            "currentPriceNumeric": 1.49,
            "oldPriceNumeric": 2.49,
            "storeName": "BILLA"
        },
        {
            "productName": "Milka Schokolade div. Sorten",
            "category": "Chocolate",
            "currentPrice": "0.99€",
            "oldPrice": "1.32€",
            "packageSize": "85 g - 100 g",
            "unitPrice": "N/A",
            "discount": "-25% BILLIGER",
            "availabilityDateRange": "Freitag & Samstag 24.10. & 25.10.2025",
            "productHash": "milka_schokolade_div_sorten85_g_100_gchocolate",
            "offerEndDate": "2025-10-29",
            "offerStartDate": "2025-10-29",
            "currentPriceNumeric": 0.99,
            "oldPriceNumeric": 1.32,
            "storeName": "BILLA"
        },
        {
            "productName": "Ottakringer Helles od. Lager",
            "category": "Beer",
            "currentPrice": "0.59€",
            "oldPrice": "0.69€",
            "packageSize": "0.5 Liter",
            "unitPrice": "N/A",
            "discount": "-25% BILLIGER",
            "availabilityDateRange": "Freitag & Samstag 24.10. & 25.10.2025",
            "productHash": "ottakringer_helles_od_lager05_literbeer",
            "offerEndDate": "2025-10-29",
            "offerStartDate": "2025-10-29",
            "currentPriceNumeric": 0.59,
            "oldPriceNumeric": 0.69,
            "storeName": "BILLA"
        },
        {
            "productName": "Ja! Natürlich Bio-Wiesenhühner",
            "category": "Meat & Poultry",
            "currentPrice": "7.49€",
            "oldPrice": "9.99€",
            "packageSize": "per Kilo",
            "unitPrice": "N/A",
            "discount": "-25% BILLIGER",
            "availabilityDateRange": "Freitag & Samstag 24.10. & 25.10.2025",
            "productHash": "ja_natürlich_bio_wiesenhühnerper_kilomeat_poultry",
            "offerEndDate": "2025-10-29",
            "offerStartDate": "2025-10-29",
            "currentPriceNumeric": 7.49,
            "oldPriceNumeric": 9.99,
            "storeName": "BILLA"
        },
        {
            "productName": "Ja! Natürlich Bio-Selchkarree",
            "category": "Meat & Poultry",
            "currentPrice": "22.43€",
            "oldPrice": "29.90€",
            "packageSize": "per Kilo",
            "unitPrice": "N/A",
            "discount": "-25% BILLIGER",
            "availabilityDateRange": "Freitag & Samstag 24.10. & 25.10.2025",
            "productHash": "ja_natürlich_bio_selchkarreeper_kilomeat_poultry",
            "offerEndDate": "2025-10-29",
            "offerStartDate": "2025-10-29",
            "currentPriceNumeric": 22.43,
            "oldPriceNumeric": 29.9,
            "storeName": "BILLA"
        },
        {
            "productName": "Ja! Natürlich Bio-Hendl-Keulen vom Wiesenhuhn",
            "category": "Meat & Poultry",
            "currentPrice": "20.24€",
            "oldPrice": "26.99€",
            "packageSize": "per Kilo",
            "unitPrice": "N/A",
            "discount": "-25% BILLIGER",
            "availabilityDateRange": "Freitag & Samstag 24.10. & 25.10.2025",
            "productHash": "ja_natürlich_bio_hendl_keulen_vom_wiesenhuhnper_kilomeat_pou",
            "offerEndDate": "2025-10-29",
            "offerStartDate": "2025-10-29",
            "currentPriceNumeric": 20.24,
            "oldPriceNumeric": 26.99,
            "storeName": "BILLA"
        },
        {
            "productName": "Ja! Natürlich Bio-Extrawurst-Kranzl",
            "category": "Cold Cuts",
            "currentPrice": "2.47€",
            "oldPrice": "3.29€",
            "packageSize": "1 kg",
            "unitPrice": "N/A",
            "discount": "-25% BILLIGER",
            "availabilityDateRange": "Freitag & Samstag 24.10. & 25.10.2025",
            "productHash": "ja_natürlich_bio_extrawurst_kranzl1_kgcold_cuts",
            "offerEndDate": "2025-10-29",
            "offerStartDate": "2025-10-29",
            "currentPriceNumeric": 2.47,
            "oldPriceNumeric": 3.29,
            "storeName": "BILLA"
        },
        {
            "productName": "Ja! Natürlich Bio-Marroni div. Sorten",
            "category": "Nuts & Dried Fruits",
            "currentPrice": "1.32€",
            "oldPrice": "1.75€",
            "packageSize": "200 g",
            "unitPrice": "N/A",
            "discount": "-25% BILLIGER",
            "availabilityDateRange": "Freitag & Samstag 24.10. & 25.10.2025",
            "productHash": "ja_natürlich_bio_marroni_div_sorten200_gnuts_dried_fruits",
            "offerEndDate": "2025-10-29",
            "offerStartDate": "2025-10-29",
            "currentPriceNumeric": 1.32,
            "oldPriceNumeric": 1.75,
            "storeName": "BILLA"
        },
        {
            "productName": "Ja! Natürlich Bio-Grüner Veltliner",
            "category": "Wine",
            "currentPrice": "4.49€",
            "oldPrice": "5.99€",
            "packageSize": "0.75 Liter",
            "unitPrice": "N/A",
            "discount": "-25% BILLIGER",
            "availabilityDateRange": "Freitag & Samstag 24.10. & 25.10.2025",
            "productHash": "ja_natürlich_bio_grüner_veltliner075_literwine",
            "offerEndDate": "2025-10-29",
            "offerStartDate": "2025-10-29",
            "currentPriceNumeric": 4.49,
            "oldPriceNumeric": 5.99,
            "storeName": "BILLA"
        },
        {
            "productName": "Ja! Natürlich Bio-Olivenöl extra vergine",
            "category": "Oils",
            "currentPrice": "8.99€",
            "oldPrice": "11.99€",
            "packageSize": "1 Liter",
            "unitPrice": "N/A",
            "discount": "-25% BILLIGER",
            "availabilityDateRange": "Freitag & Samstag 24.10. & 25.10.2025",
            "productHash": "ja_natürlich_bio_olivenöl_extra_vergine1_literoils",
            "offerEndDate": "2025-10-29",
            "offerStartDate": "2025-10-29",
            "currentPriceNumeric": 8.99,
            "oldPriceNumeric": 11.99,
            "storeName": "BILLA"
        },
        {
            "productName": "Billa Bio Bio-Müsli od. Bio-Granola div. Sorten",
            "category": "Breakfast Cereals",
            "currentPrice": "3.74€",
            "oldPrice": "4.99€",
            "packageSize": "300 g - 450 g",
            "unitPrice": "N/A",
            "discount": "-25% BILLIGER",
            "availabilityDateRange": "Freitag & Samstag 24.10. & 25.10.2025",
            "productHash": "billa_bio_bio_müsli_od_bio_granola_div_sorten300_g_450_gbrea",
            "offerEndDate": "2025-10-29",
            "offerStartDate": "2025-10-29",
            "currentPriceNumeric": 3.74,
            "oldPriceNumeric": 4.99,
            "storeName": "BILLA"
        },
        {
            "productName": "Billa Bio Bio-Haferdrink div. Sorten",
            "category": "Plant-based Drinks",
            "currentPrice": "0.74€",
            "oldPrice": "0.99€",
            "packageSize": "1 Liter",
            "unitPrice": "N/A",
            "discount": "-25% BILLIGER",
            "availabilityDateRange": "Freitag & Samstag 24.10. & 25.10.2025",
            "productHash": "billa_bio_bio_haferdrink_div_sorten1_literplant_based_drinks",
            "offerEndDate": "2025-10-29",
            "offerStartDate": "2025-10-29",
            "currentPriceNumeric": 0.74,
            "oldPriceNumeric": 0.99,
            "storeName": "BILLA"
        },
        {
            "productName": "Lindt Excellence Schokolade div. Sorten",
            "category": "Chocolate",
            "currentPrice": "2.24€",
            "oldPrice": "2.99€",
            "packageSize": "50 g - 100 g",
            "unitPrice": "N/A",
            "discount": "-25% BILLIGER",
            "availabilityDateRange": "Freitag & Samstag 24.10. & 25.10.2025",
            "productHash": "lindt_excellence_schokolade_div_sorten50_g_100_gchocolate",
            "offerEndDate": "2025-10-29",
            "offerStartDate": "2025-10-29",
            "currentPriceNumeric": 2.24,
            "oldPriceNumeric": 2.99,
            "storeName": "BILLA"
        },
        {
            "productName": "Kinder Riegel 10 Stk. od. Kinder Bueno 6 Stk. div. Sorten",
            "category": "Chocolate Bars",
            "currentPrice": "2.62€",
            "oldPrice": "3.49€",
            "packageSize": "10 pcs / 6 pcs",
            "unitPrice": "N/A",
            "discount": "-25% BILLIGER",
            "availabilityDateRange": "Freitag & Samstag 24.10. & 25.10.2025",
            "productHash": "kinder_riegel_10_stk_od_kinder_bueno_6_stk_div_sorten10_pcs_",
            "offerEndDate": "2025-10-29",
            "offerStartDate": "2025-10-29",
            "currentPriceNumeric": 2.62,
            "oldPriceNumeric": 3.49,
            "storeName": "BILLA"
        },
        {
            "productName": "Casali Schoko Bananen",
            "category": "Confectionery",
            "currentPrice": "2.47€",
            "oldPrice": "3.29€",
            "packageSize": "24 Stück",
            "unitPrice": "N/A",
            "discount": "-25% BILLIGER",
            "availabilityDateRange": "Freitag & Samstag 24.10. & 25.10.2025",
            "productHash": "casali_schoko_bananen24_stückconfectionery",
            "offerEndDate": "2025-10-29",
            "offerStartDate": "2025-10-29",
            "currentPriceNumeric": 2.47,
            "oldPriceNumeric": 3.29,
            "storeName": "BILLA"
        },
        {
            "productName": "Niemetz Schwedenbomben 6er div. Sorten",
            "category": "Confectionery",
            "currentPrice": "1.49€",
            "oldPrice": "1.99€",
            "packageSize": "6 pcs",
            "unitPrice": "N/A",
            "discount": "-25% BILLIGER",
            "availabilityDateRange": "Freitag & Samstag 24.10. & 25.10.2025",
            "productHash": "niemetz_schwedenbomben_6er_div_sorten6_pcsconfectionery",
            "offerEndDate": "2025-10-29",
            "offerStartDate": "2025-10-29",
            "currentPriceNumeric": 1.49,
            "oldPriceNumeric": 1.99,
            "storeName": "BILLA"
        },
        {
            "productName": "Kinder Schoko-Bons",
            "category": "Confectionery",
            "currentPrice": "2.47€",
            "oldPrice": "3.29€",
            "packageSize": "125 g - 160 g",
            "unitPrice": "N/A",
            "discount": "-25% BILLIGER",
            "availabilityDateRange": "Freitag & Samstag 24.10. & 25.10.2025",
            "productHash": "kinder_schoko_bons125_g_160_gconfectionery",
            "offerEndDate": "2025-10-29",
            "offerStartDate": "2025-10-29",
            "currentPriceNumeric": 2.47,
            "oldPriceNumeric": 3.29,
            "storeName": "BILLA"
        },
        {
            "productName": "Casali Rum-Kokos",
            "category": "Confectionery",
            "currentPrice": "2.24€",
            "oldPrice": "2.99€",
            "packageSize": "140 g - 175 g",
            "unitPrice": "N/A",
            "discount": "-25% BILLIGER",
            "availabilityDateRange": "Freitag & Samstag 24.10. & 25.10.2025",
            "productHash": "casali_rum_kokos140_g_175_gconfectionery",
            "offerEndDate": "2025-10-29",
            "offerStartDate": "2025-10-29",
            "currentPriceNumeric": 2.24,
            "oldPriceNumeric": 2.99,
            "storeName": "BILLA"
        },
        {
            "productName": "Hirter Pils",
            "category": "Beer",
            "currentPrice": "15.90€",
            "oldPrice": "21.20€",
            "packageSize": "20 x 0.5 Liter Flaschen",
            "unitPrice": "N/A",
            "discount": "-25% BILLIGER",
            "availabilityDateRange": "Freitag & Samstag 24.10. & 25.10.2025",
            "productHash": "hirter_pils20_x_05_liter_flaschenbeer",
            "offerEndDate": "2025-10-29",
            "offerStartDate": "2025-10-29",
            "currentPriceNumeric": 15.9,
            "oldPriceNumeric": 21.2,
            "storeName": "BILLA"
        },
        {
            "productName": "Ottakringer Helles od. Lager",
            "category": "Beer",
            "currentPrice": "0.72€",
            "oldPrice": "0.96€",
            "packageSize": "0.5 Liter Dose",
            "unitPrice": "N/A",
            "discount": "-25% BILLIGER",
            "availabilityDateRange": "Freitag & Samstag 24.10. & 25.10.2025",
            "productHash": "ottakringer_helles_od_lager05_liter_dosebeer",
            "offerEndDate": "2025-10-29",
            "offerStartDate": "2025-10-29",
            "currentPriceNumeric": 0.72,
            "oldPriceNumeric": 0.96,
            "storeName": "BILLA"
        },
        {
            "productName": "Ottakringer Helles od. Lager",
            "category": "Beer",
            "currentPrice": "0.59€",
            "oldPrice": "0.79€",
            "packageSize": "0.5 Liter Dose",
            "unitPrice": "N/A",
            "discount": "-25% BILLIGER",
            "availabilityDateRange": "Freitag & Samstag 24.10. & 25.10.2025",
            "productHash": "ottakringer_helles_od_lager05_liter_dosebeer",
            "offerEndDate": "2025-10-29",
            "offerStartDate": "2025-10-29",
            "currentPriceNumeric": 0.59,
            "oldPriceNumeric": 0.79,
            "storeName": "BILLA"
        },
        {
            "productName": "Heidelbeeren",
            "category": "Fruits",
            "currentPrice": "1.49€",
            "oldPrice": "2.39€",
            "packageSize": "125 g Tasse",
            "unitPrice": "11.92/kg",
            "discount": "-37% billiger",
            "availabilityDateRange": "N/A",
            "productHash": "heidelbeeren125_g_tassefruits",
            "offerEndDate": "2025-10-29",
            "offerStartDate": "2025-10-29",
            "currentPriceNumeric": 1.49,
            "oldPriceNumeric": 2.39,
            "storeName": "BILLA"
        },
        {
            "productName": "Eissalat",
            "category": "Vegetables",
            "currentPrice": "1.19€",
            "oldPrice": "1.79€",
            "packageSize": "1 Stück",
            "unitPrice": "N/A",
            "discount": "-33% billiger",
            "availabilityDateRange": "N/A",
            "productHash": "eissalat1_stückvegetables",
            "offerEndDate": "2025-10-29",
            "offerStartDate": "2025-10-29",
            "currentPriceNumeric": 1.19,
            "oldPriceNumeric": 1.79,
            "storeName": "BILLA"
        },
        {
            "productName": "Salatgurken",
            "category": "Vegetables",
            "currentPrice": "0.99€",
            "oldPrice": "1.59€",
            "packageSize": "1 Stück",
            "unitPrice": "N/A",
            "discount": "-37% billiger",
            "availabilityDateRange": "N/A",
            "productHash": "salatgurken1_stückvegetables",
            "offerEndDate": "2025-10-29",
            "offerStartDate": "2025-10-29",
            "currentPriceNumeric": 0.99,
            "oldPriceNumeric": 1.59,
            "storeName": "BILLA"
        },
        {
            "productName": "Festtags-Lungenbraten",
            "category": "Meat & Poultry",
            "currentPrice": "10.99€",
            "oldPrice": "17.99€",
            "packageSize": "per Kilo",
            "unitPrice": "N/A",
            "discount": "-38% billiger",
            "availabilityDateRange": "N/A",
            "productHash": "festtags_lungenbratenper_kilomeat_poultry",
            "offerEndDate": "2025-10-29",
            "offerStartDate": "2025-10-29",
            "currentPriceNumeric": 10.99,
            "oldPriceNumeric": 17.99,
            "storeName": "BILLA"
        },
        {
            "productName": "clever Korree od. Schopf",
            "category": "Meat & Poultry",
            "currentPrice": "6.99€",
            "oldPrice": "9.99€",
            "packageSize": "per Kilo",
            "unitPrice": "N/A",
            "discount": "-30% billiger",
            "availabilityDateRange": "N/A",
            "productHash": "clever_korree_od_schopfper_kilomeat_poultry",
            "offerEndDate": "2025-10-29",
            "offerStartDate": "2025-10-29",
            "currentPriceNumeric": 6.99,
            "oldPriceNumeric": 9.99,
            "storeName": "BILLA"
        },
        {
            "productName": "clever Hendlkeulen od. -brüste",
            "category": "Meat & Poultry",
            "currentPrice": "6.99€",
            "oldPrice": "9.99€",
            "packageSize": "per Kilo",
            "unitPrice": "N/A",
            "discount": "-30% billiger",
            "availabilityDateRange": "N/A",
            "productHash": "clever_hendlkeulen_od_brüsteper_kilomeat_poultry",
            "offerEndDate": "2025-10-29",
            "offerStartDate": "2025-10-29",
            "currentPriceNumeric": 6.99,
            "oldPriceNumeric": 9.99,
            "storeName": "BILLA"
        },
        {
            "productName": "Hofstätter Festtagschinken",
            "category": "Cold Cuts",
            "currentPrice": "1.79€",
            "oldPrice": "2.49€",
            "packageSize": "100 g",
            "unitPrice": "17.90/kg",
            "discount": "-28% billiger",
            "availabilityDateRange": "N/A",
            "productHash": "hofstätter_festtagschinken100_gcold_cuts",
            "offerEndDate": "2025-10-29",
            "offerStartDate": "2025-10-29",
            "currentPriceNumeric": 1.79,
            "oldPriceNumeric": 2.49,
            "storeName": "BILLA"
        },
        {
            "productName": "Berger Partner- od. Paprikahuhn",
            "category": "Meat & Poultry",
            "currentPrice": "1.75€",
            "oldPrice": "2.29€",
            "packageSize": "270 g",
            "unitPrice": "N/A",
            "discount": "2+1 gratis",
            "availabilityDateRange": "N/A",
            "productHash": "berger_partner_od_paprikahuhn270_gmeat_poultry",
            "offerEndDate": "2025-10-29",
            "offerStartDate": "2025-10-29",
            "currentPriceNumeric": 1.75,
            "oldPriceNumeric": 2.29,
            "storeName": "BILLA"
        },
        {
            "productName": "Nöm Fru fru div. Sorten",
            "category": "Yogurt",
            "currentPrice": "0.49€",
            "oldPrice": "0.92€",
            "packageSize": "200 g",
            "unitPrice": "N/A",
            "discount": "2+2 gratis",
            "availabilityDateRange": "N/A",
            "productHash": "nöm_fru_fru_div_sorten200_gyogurt",
            "offerEndDate": "2025-10-29",
            "offerStartDate": "2025-10-29",
            "currentPriceNumeric": 0.49,
            "oldPriceNumeric": 0.92,
            "storeName": "BILLA"
        },
        {
            "productName": "Nöm PRO Protein-Drink div. Sorten",
            "category": "Protein Drinks",
            "currentPrice": "1.22€",
            "oldPrice": "1.99€",
            "packageSize": "350 g",
            "unitPrice": "N/A",
            "discount": "2+2 gratis",
            "availabilityDateRange": "N/A",
            "productHash": "nöm_pro_protein_drink_div_sorten350_gprotein_drinks",
            "offerEndDate": "2025-10-29",
            "offerStartDate": "2025-10-29",
            "currentPriceNumeric": 1.22,
            "oldPriceNumeric": 1.99,
            "storeName": "BILLA"
        },
        {
            "productName": "Salzburgmilch Bergbauern Fruchtjoghurt",
            "category": "Yogurt",
            "currentPrice": "1.54€",
            "oldPrice": "2.29€",
            "packageSize": "400 g",
            "unitPrice": "N/A",
            "discount": "2+2 gratis",
            "availabilityDateRange": "N/A",
            "productHash": "salzburgmilch_bergbauern_fruchtjoghurt400_gyogurt",
            "offerEndDate": "2025-10-29",
            "offerStartDate": "2025-10-29",
            "currentPriceNumeric": 1.54,
            "oldPriceNumeric": 2.29,
            "storeName": "BILLA"
        },
        {
            "productName": "Schärdinger Bergbauern Heumilchkäse",
            "category": "Cheese",
            "currentPrice": "5.99€",
            "oldPrice": "N/A",
            "packageSize": "1 kg",
            "unitPrice": "N/A",
            "discount": "N/A",
            "availabilityDateRange": "N/A",
            "productHash": "schärdinger_bergbauern_heumilchkäse1_kgcheese",
            "offerEndDate": "2025-10-29",
            "offerStartDate": "2025-10-29",
            "currentPriceNumeric": 5.99,
            "oldPriceNumeric": null,
            "storeName": "BILLA"
        },
        {
            "productName": "Iglo Cremespinat",
            "category": "Frozen Vegetables",
            "currentPrice": "1.74€",
            "oldPrice": "3.70€",
            "packageSize": "530 g",
            "unitPrice": "N/A",
            "discount": "1+1 gratis",
            "availabilityDateRange": "N/A",
            "productHash": "iglo_cremespinat530_gfrozen_vegetables",
            "offerEndDate": "2025-10-29",
            "offerStartDate": "2025-10-29",
            "currentPriceNumeric": 1.74,
            "oldPriceNumeric": 3.7,
            "storeName": "BILLA"
        },
        {
            "productName": "Iglo Atlantik Lachs, Forelle, Welsfileisch, Pangasiusfilet MSC od. Zander",
            "category": "Frozen Fish",
            "currentPrice": "7.99€",
            "oldPrice": "15.52€",
            "packageSize": "250 g",
            "unitPrice": "N/A",
            "discount": "1+1 gratis",
            "availabilityDateRange": "N/A",
            "productHash": "iglo_atlantik_lachs_forelle_welsfileisch_pangasiusfilet_msc_",
            "offerEndDate": "2025-10-29",
            "offerStartDate": "2025-10-29",
            "currentPriceNumeric": 7.99,
            "oldPriceNumeric": 15.52,
            "storeName": "BILLA"
        },
        {
            "productName": "Krapfen Marille",
            "category": "Baked Goods",
            "currentPrice": "0.69€",
            "oldPrice": "1.19€",
            "packageSize": "1 Stück",
            "unitPrice": "N/A",
            "discount": "-42% billiger",
            "availabilityDateRange": "N/A",
            "productHash": "krapfen_marille1_stückbaked_goods",
            "offerEndDate": "2025-10-29",
            "offerStartDate": "2025-10-29",
            "currentPriceNumeric": 0.69,
            "oldPriceNumeric": 1.19,
            "storeName": "BILLA"
        },
        {
            "productName": "Die Germknödel süß",
            "category": "Baked Goods",
            "currentPrice": "1.99€",
            "oldPrice": "3.99€",
            "packageSize": "1 Stk",
            "unitPrice": "N/A",
            "discount": "1+1 gratis",
            "availabilityDateRange": "N/A",
            "productHash": "die_germknödel_süß1_stkbaked_goods",
            "offerEndDate": "2025-10-29",
            "offerStartDate": "2025-10-29",
            "currentPriceNumeric": 1.99,
            "oldPriceNumeric": 3.99,
            "storeName": "BILLA"
        },
        {
            "productName": "Bananentorte",
            "category": "Cakes & Pastries",
            "currentPrice": "24.99€",
            "oldPrice": "29.99€",
            "packageSize": "Ø 22 cm, ca. 12 Portionen",
            "unitPrice": "N/A",
            "discount": "N/A",
            "availabilityDateRange": "N/A",
            "productHash": "bananentorteø_22_cm_ca_12_portionencakes_pastries",
            "offerEndDate": "2025-10-29",
            "offerStartDate": "2025-10-29",
            "currentPriceNumeric": 24.99,
            "oldPriceNumeric": 29.99,
            "storeName": "BILLA"
        },
        {
            "productName": "Nutella",
            "category": "Spreads",
            "currentPrice": "4.99€",
            "oldPrice": "8.29€",
            "packageSize": "750 g",
            "unitPrice": "6.65/kg",
            "discount": "-40% billiger",
            "availabilityDateRange": "N/A",
            "productHash": "nutella750_gspreads",
            "offerEndDate": "2025-10-29",
            "offerStartDate": "2025-10-29",
            "currentPriceNumeric": 4.99,
            "oldPriceNumeric": 8.29,
            "storeName": "BILLA"
        },
        {
            "productName": "Kärntner Olivenöl",
            "category": "Oils",
            "currentPrice": "7.99€",
            "oldPrice": "10.99€",
            "packageSize": "0.75 Liter Flasche",
            "unitPrice": "10.65/Liter",
            "discount": "-27% billiger",
            "availabilityDateRange": "N/A",
            "productHash": "kärntner_olivenöl075_liter_flascheoils",
            "offerEndDate": "2025-10-29",
            "offerStartDate": "2025-10-29",
            "currentPriceNumeric": 7.99,
            "oldPriceNumeric": 10.99,
            "storeName": "BILLA"
        },
        {
            "productName": "Lorenz Crunchips",
            "category": "Snacks",
            "currentPrice": "1.39€",
            "oldPrice": "2.29€",
            "packageSize": "150 g - 175 g",
            "unitPrice": "N/A",
            "discount": "1+1 gratis",
            "availabilityDateRange": "N/A",
            "productHash": "lorenz_crunchips150_g_175_gsnacks",
            "offerEndDate": "2025-10-29",
            "offerStartDate": "2025-10-29",
            "currentPriceNumeric": 1.39,
            "oldPriceNumeric": 2.29,
            "storeName": "BILLA"
        },
        {
            "productName": "Dallmayr Prodomo",
            "category": "Coffee",
            "currentPrice": "19.99€",
            "oldPrice": "29.99€",
            "packageSize": "1 kg",
            "unitPrice": "N/A",
            "discount": "-33% billiger",
            "availabilityDateRange": "N/A",
            "productHash": "dallmayr_prodomo1_kgcoffee",
            "offerEndDate": "2025-10-29",
            "offerStartDate": "2025-10-29",
            "currentPriceNumeric": 19.99,
            "oldPriceNumeric": 29.99,
            "storeName": "BILLA"
        },
        {
            "productName": "Coca-Cola, Fanta, Sprite od. Mezzo Mix div. Sorten",
            "category": "Soft Drinks",
            "currentPrice": "0.99€",
            "oldPrice": "1.99€",
            "packageSize": "1.5 Liter",
            "unitPrice": "N/A",
            "discount": "3+3 gratis",
            "availabilityDateRange": "N/A",
            "productHash": "coca_cola_fanta_sprite_od_mezzo_mix_div_sorten15_litersoft_d",
            "offerEndDate": "2025-10-29",
            "offerStartDate": "2025-10-29",
            "currentPriceNumeric": 0.99,
            "oldPriceNumeric": 1.99,
            "storeName": "BILLA"
        },
        {
            "productName": "Egger Apfel gespritzt od. Limonade",
            "category": "Soft Drinks",
            "currentPrice": "0.99€",
            "oldPrice": "1.99€",
            "packageSize": "1.5 Liter",
            "unitPrice": "N/A",
            "discount": "3+3 gratis",
            "availabilityDateRange": "N/A",
            "productHash": "egger_apfel_gespritzt_od_limonade15_litersoft_drinks",
            "offerEndDate": "2025-10-29",
            "offerStartDate": "2025-10-29",
            "currentPriceNumeric": 0.99,
            "oldPriceNumeric": 1.99,
            "storeName": "BILLA"
        },
        {
            "productName": "Egger div. Sorten",
            "category": "Juices",
            "currentPrice": "0.57€",
            "oldPrice": "1.39€",
            "packageSize": "0.5 Liter",
            "unitPrice": "N/A",
            "discount": "12+12 gratis",
            "availabilityDateRange": "N/A",
            "productHash": "egger_div_sorten05_literjuices",
            "offerEndDate": "2025-10-29",
            "offerStartDate": "2025-10-29",
            "currentPriceNumeric": 0.57,
            "oldPriceNumeric": 1.39,
            "storeName": "BILLA"
        },
        {
            "productName": "Heineken Lager",
            "category": "Beer",
            "currentPrice": "0.89€",
            "oldPrice": "1.39€",
            "packageSize": "0.5 Liter Dose",
            "unitPrice": "N/A",
            "discount": "4+4 gratis",
            "availabilityDateRange": "N/A",
            "productHash": "heineken_lager05_liter_dosebeer",
            "offerEndDate": "2025-10-29",
            "offerStartDate": "2025-10-29",
            "currentPriceNumeric": 0.89,
            "oldPriceNumeric": 1.39,
            "storeName": "BILLA"
        },
        {
            "productName": "Gösser Naturradler, Naturzitrone od. Naturgold",
            "category": "Beer Mix",
            "currentPrice": "0.69€",
            "oldPrice": "1.29€",
            "packageSize": "0.5 Liter Dose",
            "unitPrice": "N/A",
            "discount": "12+12 gratis",
            "availabilityDateRange": "N/A",
            "productHash": "gösser_naturradler_naturzitrone_od_naturgold05_liter_dosebee",
            "offerEndDate": "2025-10-29",
            "offerStartDate": "2025-10-29",
            "currentPriceNumeric": 0.69,
            "oldPriceNumeric": 1.29,
            "storeName": "BILLA"
        },
        {
            "productName": "Samson Lager",
            "category": "Beer",
            "currentPrice": "10.99€",
            "oldPrice": "16.20€",
            "packageSize": "20 Flaschen (0.5 Liter)",
            "unitPrice": "N/A",
            "discount": "-32.16% billiger",
            "availabilityDateRange": "N/A",
            "productHash": "samson_lager20_flaschen_05_literbeer",
            "offerEndDate": "2025-10-29",
            "offerStartDate": "2025-10-29",
            "currentPriceNumeric": 10.99,
            "oldPriceNumeric": 16.2,
            "storeName": "BILLA"
        },
        {
            "productName": "Johnnie Walker Red Label",
            "category": "Whiskey",
            "currentPrice": "20.99€",
            "oldPrice": "25.00€",
            "packageSize": "1 Liter",
            "unitPrice": "N/A",
            "discount": "-16% billiger",
            "availabilityDateRange": "N/A",
            "productHash": "johnnie_walker_red_label1_literwhiskey",
            "offerEndDate": "2025-10-29",
            "offerStartDate": "2025-10-29",
            "currentPriceNumeric": 20.99,
            "oldPriceNumeric": 25.0,
            "storeName": "BILLA"
        },
        {
            "productName": "Hendrick's Gin",
            "category": "Gin",
            "currentPrice": "29.90€",
            "oldPrice": "45.00€",
            "packageSize": "0.7 Liter Flasche",
            "unitPrice": "N/A",
            "discount": "-33.56% billiger",
            "availabilityDateRange": "N/A",
            "productHash": "hendricks_gin07_liter_flaschegin",
            "offerEndDate": "2025-10-29",
            "offerStartDate": "2025-10-29",
            "currentPriceNumeric": 29.9,
            "oldPriceNumeric": 45.0,
            "storeName": "BILLA"
        },
        {
            "productName": "Somat Tabs XXL od. XXXL div. Sorten",
            "category": "Dishwasher Detergent",
            "currentPrice": "6.29€",
            "oldPrice": "8.29€",
            "packageSize": "36-84 Stück",
            "unitPrice": "N/A",
            "discount": "-24% billiger",
            "availabilityDateRange": "N/A",
            "productHash": "somat_tabs_xxl_od_xxxl_div_sorten36_84_stückdishwasher_deter",
            "offerEndDate": "2025-10-29",
            "offerStartDate": "2025-10-29",
            "currentPriceNumeric": 6.29,
            "oldPriceNumeric": 8.29,
            "storeName": "BILLA"
        },
        {
            "productName": "Tempo Taschentücher",
            "category": "Paper Products",
            "currentPrice": "4.99€",
            "oldPrice": "N/A",
            "packageSize": "30 x 10 Stk. Trio Box",
            "unitPrice": "N/A",
            "discount": "N/A",
            "availabilityDateRange": "N/A",
            "productHash": "tempo_taschentücher30_x_10_stk_trio_boxpaper_products",
            "offerEndDate": "2025-10-29",
            "offerStartDate": "2025-10-29",
            "currentPriceNumeric": 4.99,
            "oldPriceNumeric": null,
            "storeName": "BILLA"
        },
        {
            "productName": "Weißer Riese od. Spee Universal od. Color",
            "category": "Laundry Detergent",
            "currentPrice": "15.99€",
            "oldPrice": "N/A",
            "packageSize": "90-100 Waschladungen",
            "unitPrice": "N/A",
            "discount": "N/A",
            "availabilityDateRange": "N/A",
            "productHash": "weißer_riese_od_spee_universal_od_color90_100_waschladungenl",
            "offerEndDate": "2025-10-29",
            "offerStartDate": "2025-10-29",
            "currentPriceNumeric": 15.99,
            "oldPriceNumeric": null,
            "storeName": "BILLA"
        },
        {
            "productName": "Ja! Natürlich Bio Hokkaido-Kürbis",
            "category": "Vegetables",
            "currentPrice": "1.34€",
            "oldPrice": "1.79€",
            "packageSize": "per Kilo",
            "unitPrice": "N/A",
            "discount": "-25% BILLIGER",
            "availabilityDateRange": "Freitag & Samstag",
            "productHash": "ja_natürlich_bio_hokkaido_kürbisper_kilovegetables",
            "offerEndDate": "2025-10-29",
            "offerStartDate": "2025-10-29",
            "currentPriceNumeric": 1.34,
            "oldPriceNumeric": 1.79,
            "storeName": "BILLA"
        },
        {
            "productName": "Billa Plus Kürbis-Süßkartoffel-Mix",
            "category": "Prepared Vegetables",
            "currentPrice": "0.69€",
            "oldPrice": "0.89€",
            "packageSize": "250 g",
            "unitPrice": "2.76/kg",
            "discount": "-0.20€ billiger",
            "availabilityDateRange": "N/A",
            "productHash": "billa_plus_kürbis_süßkartoffel_mix250_gprepared_vegetables",
            "offerEndDate": "2025-10-29",
            "offerStartDate": "2025-10-29",
            "currentPriceNumeric": 0.69,
            "oldPriceNumeric": 0.89,
            "storeName": "BILLA"
        },
        {
            "productName": "Ja! Natürlich Bio-Äpfel rot od. grün",
            "category": "Fruits",
            "currentPrice": "2.09€",
            "oldPrice": "2.79€",
            "packageSize": "per Kilo",
            "unitPrice": "N/A",
            "discount": "-25% BILLIGER",
            "availabilityDateRange": "Freitag & Samstag",
            "productHash": "ja_natürlich_bio_äpfel_rot_od_grünper_kilofruits",
            "offerEndDate": "2025-10-29",
            "offerStartDate": "2025-10-29",
            "currentPriceNumeric": 2.09,
            "oldPriceNumeric": 2.79,
            "storeName": "BILLA"
        },
        {
            "productName": "Ja! Natürlich Bio-Champignons",
            "category": "Vegetables",
            "currentPrice": "1.87€",
            "oldPrice": "2.49€",
            "packageSize": "200 g Packung",
            "unitPrice": "9.35/kg",
            "discount": "-25% BILLIGER",
            "availabilityDateRange": "Freitag & Samstag",
            "productHash": "ja_natürlich_bio_champignons200_g_packungvegetables",
            "offerEndDate": "2025-10-29",
            "offerStartDate": "2025-10-29",
            "currentPriceNumeric": 1.87,
            "oldPriceNumeric": 2.49,
            "storeName": "BILLA"
        },
        {
            "productName": "Ja! Natürlich Bio-Zucchini",
            "category": "Vegetables",
            "currentPrice": "0.89€",
            "oldPrice": "1.19€",
            "packageSize": "1 Stück",
            "unitPrice": "N/A",
            "discount": "-25% BILLIGER",
            "availabilityDateRange": "Freitag & Samstag",
            "productHash": "ja_natürlich_bio_zucchini1_stückvegetables",
            "offerEndDate": "2025-10-29",
            "offerStartDate": "2025-10-29",
            "currentPriceNumeric": 0.89,
            "oldPriceNumeric": 1.19,
            "storeName": "BILLA"
        },
        {
            "productName": "Korbella Bio-Käferbohnen",
            "category": "Legumes",
            "currentPrice": "0.59€",
            "oldPrice": "0.99€",
            "packageSize": "400 g Dose",
            "unitPrice": "N/A",
            "discount": "-40% billiger",
            "availabilityDateRange": "N/A",
            "productHash": "korbella_bio_käferbohnen400_g_doselegumes",
            "offerEndDate": "2025-10-29",
            "offerStartDate": "2025-10-29",
            "currentPriceNumeric": 0.59,
            "oldPriceNumeric": 0.99,
            "storeName": "BILLA"
        },
        {
            "productName": "Kartoffel",
            "category": "Vegetables",
            "currentPrice": "1.59€",
            "oldPrice": "2.49€",
            "packageSize": "1.5 kg Sack",
            "unitPrice": "N/A",
            "discount": "-36% billiger",
            "availabilityDateRange": "N/A",
            "productHash": "kartoffel15_kg_sackvegetables",
            "offerEndDate": "2025-10-29",
            "offerStartDate": "2025-10-29",
            "currentPriceNumeric": 1.59,
            "oldPriceNumeric": 2.49,
            "storeName": "BILLA"
        },
        {
            "productName": "Orangenschnittenblock",
            "category": "Baked Goods",
            "currentPrice": "7.99€",
            "oldPrice": "8.99€",
            "packageSize": "ca. 3-4 Portionen",
            "unitPrice": "N/A",
            "discount": "-1.00€ billiger",
            "availabilityDateRange": "N/A",
            "productHash": "orangenschnittenblockca_3_4_portionenbaked_goods",
            "offerEndDate": "2025-10-29",
            "offerStartDate": "2025-10-29",
            "currentPriceNumeric": 7.99,
            "oldPriceNumeric": 8.99,
            "storeName": "BILLA"
        },
        {
            "productName": "Erdbeer Joghurt schnitte",
            "category": "Baked Goods",
            "currentPrice": "3.19€",
            "oldPrice": "3.69€",
            "packageSize": "N/A",
            "unitPrice": "N/A",
            "discount": "-0.50€ billiger",
            "availabilityDateRange": "N/A",
            "productHash": "erdbeer_joghurt_schnittenabaked_goods",
            "offerEndDate": "2025-10-29",
            "offerStartDate": "2025-10-29",
            "currentPriceNumeric": 3.19,
            "oldPriceNumeric": 3.69,
            "storeName": "BILLA"
        },
        {
            "productName": "Halloween-Törtchen",
            "category": "Cakes & Pastries",
            "currentPrice": "1.69€",
            "oldPrice": "N/A",
            "packageSize": "1 Stück",
            "unitPrice": "N/A",
            "discount": "N/A",
            "availabilityDateRange": "N/A",
            "productHash": "halloween_törtchen1_stückcakes_pastries",
            "offerEndDate": "2025-10-29",
            "offerStartDate": "2025-10-29",
            "currentPriceNumeric": 1.69,
            "oldPriceNumeric": null,
            "storeName": "BILLA"
        },
        {
            "productName": "Topfenoberschnitte",
            "category": "Baked Goods",
            "currentPrice": "3.19€",
            "oldPrice": "3.69€",
            "packageSize": "N/A",
            "unitPrice": "N/A",
            "discount": "-0.50€ billiger",
            "availabilityDateRange": "N/A",
            "productHash": "topfenoberschnittenabaked_goods",
            "offerEndDate": "2025-10-29",
            "offerStartDate": "2025-10-29",
            "currentPriceNumeric": 3.19,
            "oldPriceNumeric": 3.69,
            "storeName": "BILLA"
        },
        {
            "productName": "Cremeschnittenblock",
            "category": "Baked Goods",
            "currentPrice": "7.99€",
            "oldPrice": "8.99€",
            "packageSize": "per Packung",
            "unitPrice": "N/A",
            "discount": "-1.00€ billiger",
            "availabilityDateRange": "N/A",
            "productHash": "cremeschnittenblockper_packungbaked_goods",
            "offerEndDate": "2025-10-29",
            "offerStartDate": "2025-10-29",
            "currentPriceNumeric": 7.99,
            "oldPriceNumeric": 8.99,
            "storeName": "BILLA"
        },
        {
            "productName": "Cardinal-Schnittenblock",
            "category": "Baked Goods",
            "currentPrice": "7.99€",
            "oldPrice": "8.99€",
            "packageSize": "per Packung",
            "unitPrice": "N/A",
            "discount": "-1.00€ billiger",
            "availabilityDateRange": "N/A",
            "productHash": "cardinal_schnittenblockper_packungbaked_goods",
            "offerEndDate": "2025-10-29",
            "offerStartDate": "2025-10-29",
            "currentPriceNumeric": 7.99,
            "oldPriceNumeric": 8.99,
            "storeName": "BILLA"
        },
        {
            "productName": "Handgemacht Weizenbrot",
            "category": "Bread",
            "currentPrice": "4.79€",
            "oldPrice": "4.99€",
            "packageSize": "1 kg",
            "unitPrice": "N/A",
            "discount": "-0.20€ billiger",
            "availabilityDateRange": "N/A",
            "productHash": "handgemacht_weizenbrot1_kgbread",
            "offerEndDate": "2025-10-29",
            "offerStartDate": "2025-10-29",
            "currentPriceNumeric": 4.79,
            "oldPriceNumeric": 4.99,
            "storeName": "BILLA"
        },
        {
            "productName": "Ja! Natürlich Bio-Wurzelbrot",
            "category": "Bread",
            "currentPrice": "0.99€",
            "oldPrice": "1.35€",
            "packageSize": "N/A",
            "unitPrice": "N/A",
            "discount": "-26% billiger",
            "availabilityDateRange": "N/A",
            "productHash": "ja_natürlich_bio_wurzelbrotnabread",
            "offerEndDate": "2025-10-29",
            "offerStartDate": "2025-10-29",
            "currentPriceNumeric": 0.99,
            "oldPriceNumeric": 1.35,
            "storeName": "BILLA"
        },
        {
            "productName": "Olz Protein Soft Sandwich",
            "category": "Bread",
            "currentPrice": "3.19€",
            "oldPrice": "3.99€",
            "packageSize": "500 g",
            "unitPrice": "6.38/kg",
            "discount": "-0.80€ billiger",
            "availabilityDateRange": "N/A",
            "productHash": "olz_protein_soft_sandwich500_gbread",
            "offerEndDate": "2025-10-29",
            "offerStartDate": "2025-10-29",
            "currentPriceNumeric": 3.19,
            "oldPriceNumeric": 3.99,
            "storeName": "BILLA"
        },
        {
            "productName": "Fair zum Tier® Hendlbrust od. Pikant",
            "category": "Cold Cuts",
            "currentPrice": "1.49€",
            "oldPrice": "1.99€",
            "packageSize": "100 g Packung",
            "unitPrice": "14.90/kg",
            "discount": "-25% billiger",
            "availabilityDateRange": "N/A",
            "productHash": "fair_zum_tier_hendlbrust_od_pikant100_g_packungcold_cuts",
            "offerEndDate": "2025-10-29",
            "offerStartDate": "2025-10-29",
            "currentPriceNumeric": 1.49,
            "oldPriceNumeric": 1.99,
            "storeName": "BILLA"
        },
        {
            "productName": "Landhof Händlerschinken",
            "category": "Cold Cuts",
            "currentPrice": "1.89€",
            "oldPrice": "2.49€",
            "packageSize": "100 g",
            "unitPrice": "18.90/kg",
            "discount": "-0.60€ billiger",
            "availabilityDateRange": "N/A",
            "productHash": "landhof_händlerschinken100_gcold_cuts",
            "offerEndDate": "2025-10-29",
            "offerStartDate": "2025-10-29",
            "currentPriceNumeric": 1.89,
            "oldPriceNumeric": 2.49,
            "storeName": "BILLA"
        },
        {
            "productName": "Prosciuttini",
            "category": "Cold Cuts",
            "currentPrice": "2.79€",
            "oldPrice": "3.69€",
            "packageSize": "100 g",
            "unitPrice": "27.90/kg",
            "discount": "-0.90€ billiger",
            "availabilityDateRange": "N/A",
            "productHash": "prosciuttini100_gcold_cuts",
            "offerEndDate": "2025-10-29",
            "offerStartDate": "2025-10-29",
            "currentPriceNumeric": 2.79,
            "oldPriceNumeric": 3.69,
            "storeName": "BILLA"
        },
        {
            "productName": "Handl Tyrol Bauernspeck od. Landpartie",
            "category": "Cold Cuts",
            "currentPrice": "2.99€",
            "oldPrice": "3.99€/4.19€",
            "packageSize": "N/A",
            "unitPrice": "N/A",
            "discount": "Bis zu -28% billiger",
            "availabilityDateRange": "N/A",
            "productHash": "handl_tyrol_bauernspeck_od_landpartienacold_cuts",
            "offerEndDate": "2025-10-29",
            "offerStartDate": "2025-10-29",
            "currentPriceNumeric": 2.99,
            "oldPriceNumeric": 3.99,
            "storeName": "BILLA"
        },
        {
            "productName": "Familienaufschnitt",
            "category": "Cold Cuts",
            "currentPrice": "4.99€",
            "oldPrice": "N/A",
            "packageSize": "500 g Packung",
            "unitPrice": "9.98/kg",
            "discount": "N/A",
            "availabilityDateRange": "N/A",
            "productHash": "familienaufschnitt500_g_packungcold_cuts",
            "offerEndDate": "2025-10-29",
            "offerStartDate": "2025-10-29",
            "currentPriceNumeric": 4.99,
            "oldPriceNumeric": null,
            "storeName": "BILLA"
        },
        {
            "productName": "Radatz Aufschnitt",
            "category": "Cold Cuts",
            "currentPrice": "2.99€",
            "oldPrice": "3.99€",
            "packageSize": "150 g Packung",
            "unitPrice": "19.93/kg",
            "discount": "-1.00€ billiger",
            "availabilityDateRange": "N/A",
            "productHash": "radatz_aufschnitt150_g_packungcold_cuts",
            "offerEndDate": "2025-10-29",
            "offerStartDate": "2025-10-29",
            "currentPriceNumeric": 2.99,
            "oldPriceNumeric": 3.99,
            "storeName": "BILLA"
        },
        {
            "productName": "Radatz Backofen, Pfeffer, Bierkäse, Bauernschmaus od. Leberkäse",
            "category": "Delicatessen",
            "currentPrice": "5.99€",
            "oldPrice": "8.99€",
            "packageSize": "per Kilo",
            "unitPrice": "N/A",
            "discount": "-33% billiger",
            "availabilityDateRange": "N/A",
            "productHash": "radatz_backofen_pfeffer_bierkäse_bauernschmaus_od_leberkäsep",
            "offerEndDate": "2025-10-29",
            "offerStartDate": "2025-10-29",
            "currentPriceNumeric": 5.99,
            "oldPriceNumeric": 8.99,
            "storeName": "BILLA"
        },
        {
            "productName": "Wissbauer Hirschschinken od. Wildsalami",
            "category": "Cold Cuts",
            "currentPrice": "2.49€",
            "oldPrice": "2.99€",
            "packageSize": "100 g",
            "unitPrice": "24.90/kg",
            "discount": "-20% billiger",
            "availabilityDateRange": "N/A",
            "productHash": "wissbauer_hirschschinken_od_wildsalami100_gcold_cuts",
            "offerEndDate": "2025-10-29",
            "offerStartDate": "2025-10-29",
            "currentPriceNumeric": 2.49,
            "oldPriceNumeric": 2.99,
            "storeName": "BILLA"
        },
        {
            "productName": "Radatz od. Messner Käsekrainer",
            "category": "Sausages",
            "currentPrice": "5.79€",
            "oldPrice": "8.99€",
            "packageSize": "500 g Packung",
            "unitPrice": "11.58/kg",
            "discount": "-35% billiger",
            "availabilityDateRange": "N/A",
            "productHash": "radatz_od_messner_käsekrainer500_g_packungsausages",
            "offerEndDate": "2025-10-29",
            "offerStartDate": "2025-10-29",
            "currentPriceNumeric": 5.79,
            "oldPriceNumeric": 8.99,
            "storeName": "BILLA"
        },
        {
            "productName": "Radatz Tomaten od. Klassik Salami kl. Paprika",
            "category": "Sausages",
            "currentPrice": "5.99€",
            "oldPrice": "N/A",
            "packageSize": "100 g Stange",
            "unitPrice": "59.90/kg",
            "discount": "N/A",
            "availabilityDateRange": "N/A",
            "productHash": "radatz_tomaten_od_klassik_salami_kl_paprika100_g_stangesausa",
            "offerEndDate": "2025-10-29",
            "offerStartDate": "2025-10-29",
            "currentPriceNumeric": 5.99,
            "oldPriceNumeric": null,
            "storeName": "BILLA"
        },
        {
            "productName": "Wiesbauer Bergsalami Genusswelt",
            "category": "Cold Cuts",
            "currentPrice": "5.99€",
            "oldPrice": "9.49€",
            "packageSize": "300 g",
            "unitPrice": "N/A",
            "discount": "-36% billiger",
            "availabilityDateRange": "N/A",
            "productHash": "wiesbauer_bergsalami_genusswelt300_gcold_cuts",
            "offerEndDate": "2025-10-29",
            "offerStartDate": "2025-10-29",
            "currentPriceNumeric": 5.99,
            "oldPriceNumeric": 9.49,
            "storeName": "BILLA"
        },
        {
            "productName": "Wiesbauer Frischfleisch Spezialitäten",
            "category": "Meat & Poultry",
            "currentPrice": "21.99€",
            "oldPrice": "25.99€",
            "packageSize": "per Kilo",
            "unitPrice": "N/A",
            "discount": "-4.00€ billiger",
            "availabilityDateRange": "N/A",
            "productHash": "wiesbauer_frischfleisch_spezialitätenper_kilomeat_poultry",
            "offerEndDate": "2025-10-29",
            "offerStartDate": "2025-10-29",
            "currentPriceNumeric": 21.99,
            "oldPriceNumeric": 25.99,
            "storeName": "BILLA"
        },
        {
            "productName": "Rehragout geschnitten",
            "category": "Meat & Poultry",
            "currentPrice": "9.99€",
            "oldPrice": "11.99€",
            "packageSize": "per Kilo",
            "unitPrice": "N/A",
            "discount": "-2.00€ billiger",
            "availabilityDateRange": "N/A",
            "productHash": "rehragout_geschnittenper_kilomeat_poultry",
            "offerEndDate": "2025-10-29",
            "offerStartDate": "2025-10-29",
            "currentPriceNumeric": 9.99,
            "oldPriceNumeric": 11.99,
            "storeName": "BILLA"
        },
        {
            "productName": "Ja! Natürlich Bio-Jungstier Weidegensenudeln",
            "category": "Meat & Poultry",
            "currentPrice": "7.49€",
            "oldPrice": "9.99€",
            "packageSize": "per Kilo",
            "unitPrice": "N/A",
            "discount": "-25% BILLIGER",
            "availabilityDateRange": "Freitag & Samstag",
            "productHash": "ja_natürlich_bio_jungstier_weidegensenudelnper_kilomeat_poul",
            "offerEndDate": "2025-10-29",
            "offerStartDate": "2025-10-29",
            "currentPriceNumeric": 7.49,
            "oldPriceNumeric": 9.99,
            "storeName": "BILLA"
        },
        {
            "productName": "Hofstätter Hendl-Filetmix",
            "category": "Meat & Poultry",
            "currentPrice": "5.45€",
            "oldPrice": "5.99€",
            "packageSize": "500 g Packung",
            "unitPrice": "10.90/kg",
            "discount": "-20% billiger",
            "availabilityDateRange": "N/A",
            "productHash": "hofstätter_hendl_filetmix500_g_packungmeat_poultry",
            "offerEndDate": "2025-10-29",
            "offerStartDate": "2025-10-29",
            "currentPriceNumeric": 5.45,
            "oldPriceNumeric": 5.99,
            "storeName": "BILLA"
        },
        {
            "productName": "clever Bio-Forellen",
            "category": "Fish",
            "currentPrice": "5.99€",
            "oldPrice": "N/A",
            "packageSize": "per Kilo",
            "unitPrice": "N/A",
            "discount": "N/A",
            "availabilityDateRange": "N/A",
            "productHash": "clever_bio_forellenper_kilofish",
            "offerEndDate": "2025-10-29",
            "offerStartDate": "2025-10-29",
            "currentPriceNumeric": 5.99,
            "oldPriceNumeric": null,
            "storeName": "BILLA"
        },
        {
            "productName": "Ja! Natürlich Bio-Dorfenfilet",
            "category": "Fish",
            "currentPrice": "2.84€",
            "oldPrice": "3.79€",
            "packageSize": "125 g Packung",
            "unitPrice": "22.72/kg",
            "discount": "-25% BILLIGER",
            "availabilityDateRange": "Freitag & Samstag",
            "productHash": "ja_natürlich_bio_dorfenfilet125_g_packungfish",
            "offerEndDate": "2025-10-29",
            "offerStartDate": "2025-10-29",
            "currentPriceNumeric": 2.84,
            "oldPriceNumeric": 3.79,
            "storeName": "BILLA"
        },
        {
            "productName": "Vörlaks Lachsfilet",
            "category": "Fish",
            "currentPrice": "2.99€",
            "oldPrice": "4.49€",
            "packageSize": "125 g",
            "unitPrice": "23.92/kg",
            "discount": "-33% billiger",
            "availabilityDateRange": "N/A",
            "productHash": "vörlaks_lachsfilet125_gfish",
            "offerEndDate": "2025-10-29",
            "offerStartDate": "2025-10-29",
            "currentPriceNumeric": 2.99,
            "oldPriceNumeric": 4.49,
            "storeName": "BILLA"
        },
        {
            "productName": "Salzburgmilch Fruchtjoghurt Vanille",
            "category": "Yogurt",
            "currentPrice": "2.99€",
            "oldPrice": "N/A",
            "packageSize": "1 kg",
            "unitPrice": "N/A",
            "discount": "N/A",
            "availabilityDateRange": "N/A",
            "productHash": "salzburgmilch_fruchtjoghurt_vanille1_kgyogurt",
            "offerEndDate": "2025-10-29",
            "offerStartDate": "2025-10-29",
            "currentPriceNumeric": 2.99,
            "oldPriceNumeric": null,
            "storeName": "BILLA"
        },
        {
            "productName": "Danone Fruchtzwerge div. Sorten",
            "category": "Dairy",
            "currentPrice": "1.59€",
            "oldPrice": "2.29€",
            "packageSize": "6 x 50 g",
            "unitPrice": "N/A",
            "discount": "-30% billiger",
            "availabilityDateRange": "N/A",
            "productHash": "danone_fruchtzwerge_div_sorten6_x_50_gdairy",
            "offerEndDate": "2025-10-29",
            "offerStartDate": "2025-10-29",
            "currentPriceNumeric": 1.59,
            "oldPriceNumeric": 2.29,
            "storeName": "BILLA"
        },
        {
            "productName": "Starbucks Eiskaffee div. Sorten",
            "category": "Coffee Drinks",
            "currentPrice": "1.59€",
            "oldPrice": "2.39€",
            "packageSize": "220 ml",
            "unitPrice": "N/A",
            "discount": "3+1 gratis",
            "availabilityDateRange": "N/A",
            "productHash": "starbucks_eiskaffee_div_sorten220_mlcoffee_drinks",
            "offerEndDate": "2025-10-29",
            "offerStartDate": "2025-10-29",
            "currentPriceNumeric": 1.59,
            "oldPriceNumeric": 2.39,
            "storeName": "BILLA"
        },
        {
            "productName": "Landliebe Joghurt Heidelbeere",
            "category": "Yogurt",
            "currentPrice": "1.49€",
            "oldPrice": "2.39€",
            "packageSize": "500 g",
            "unitPrice": "N/A",
            "discount": "-37% billiger",
            "availabilityDateRange": "N/A",
            "productHash": "landliebe_joghurt_heidelbeere500_gyogurt",
            "offerEndDate": "2025-10-29",
            "offerStartDate": "2025-10-29",
            "currentPriceNumeric": 1.49,
            "oldPriceNumeric": 2.39,
            "storeName": "BILLA"
        },
        {
            "productName": "Lattella PROT Protein Drink",
            "category": "Protein Drinks",
            "currentPrice": "1.50€",
            "oldPrice": "2.25€",
            "packageSize": "500 ml",
            "unitPrice": "N/A",
            "discount": "2+1 gratis",
            "availabilityDateRange": "N/A",
            "productHash": "lattella_prot_protein_drink500_mlprotein_drinks",
            "offerEndDate": "2025-10-29",
            "offerStartDate": "2025-10-29",
            "currentPriceNumeric": 1.5,
            "oldPriceNumeric": 2.25,
            "storeName": "BILLA"
        },
        {
            "productName": "Nöm Pro Topfencreme",
            "category": "Dairy",
            "currentPrice": "0.89€",
            "oldPrice": "1.75€",
            "packageSize": "175 g",
            "unitPrice": "N/A",
            "discount": "2+2 gratis",
            "availabilityDateRange": "N/A",
            "productHash": "nöm_pro_topfencreme175_gdairy",
            "offerEndDate": "2025-10-29",
            "offerStartDate": "2025-10-29",
            "currentPriceNumeric": 0.89,
            "oldPriceNumeric": 1.75,
            "storeName": "BILLA"
        },
        {
            "productName": "Dany Sahne div. Sorten",
            "category": "Desserts",
            "currentPrice": "0.49€",
            "oldPrice": "0.92€",
            "packageSize": "190 g",
            "unitPrice": "N/A",
            "discount": "2+2 gratis",
            "availabilityDateRange": "N/A",
            "productHash": "dany_sahne_div_sorten190_gdesserts",
            "offerEndDate": "2025-10-29",
            "offerStartDate": "2025-10-29",
            "currentPriceNumeric": 0.49,
            "oldPriceNumeric": 0.92,
            "storeName": "BILLA"
        },
        {
            "productName": "Rupp Beschte Eckerl",
            "category": "Cheese",
            "currentPrice": "1.49€",
            "oldPrice": "2.99€",
            "packageSize": "150 g",
            "unitPrice": "N/A",
            "discount": "1+1 gratis",
            "availabilityDateRange": "N/A",
            "productHash": "rupp_beschte_eckerl150_gcheese",
            "offerEndDate": "2025-10-29",
            "offerStartDate": "2025-10-29",
            "currentPriceNumeric": 1.49,
            "oldPriceNumeric": 2.99,
            "storeName": "BILLA"
        },
        {
            "productName": "Mini-Babybel div. Sorten",
            "category": "Cheese",
            "currentPrice": "1.99€",
            "oldPrice": "2.59€",
            "packageSize": "6x 20 g",
            "unitPrice": "N/A",
            "discount": "-0.60€ billiger",
            "availabilityDateRange": "N/A",
            "productHash": "mini_babybel_div_sorten6x_20_gcheese",
            "offerEndDate": "2025-10-29",
            "offerStartDate": "2025-10-29",
            "currentPriceNumeric": 1.99,
            "oldPriceNumeric": 2.59,
            "storeName": "BILLA"
        },
        {
            "productName": "Brunch Kräuter od. Paprika",
            "category": "Spreads",
            "currentPrice": "1.89€",
            "oldPrice": "2.69€",
            "packageSize": "185 g",
            "unitPrice": "N/A",
            "discount": "-29% billiger",
            "availabilityDateRange": "N/A",
            "productHash": "brunch_kräuter_od_paprika185_gspreads",
            "offerEndDate": "2025-10-29",
            "offerStartDate": "2025-10-29",
            "currentPriceNumeric": 1.89,
            "oldPriceNumeric": 2.69,
            "storeName": "BILLA"
        },
        {
            "productName": "Schärdinger Mozzarella od. Pizzakäse",
            "category": "Cheese",
            "currentPrice": "2.39€",
            "oldPrice": "3.10€/3.35€",
            "packageSize": "125 g - 250 g",
            "unitPrice": "N/A",
            "discount": "Bis zu -29% billiger",
            "availabilityDateRange": "N/A",
            "productHash": "schärdinger_mozzarella_od_pizzakäse125_g_250_gcheese",
            "offerEndDate": "2025-10-29",
            "offerStartDate": "2025-10-29",
            "currentPriceNumeric": 2.39,
            "oldPriceNumeric": 3.1,
            "storeName": "BILLA"
        },
        {
            "productName": "Kärntnermilch Zarte Österreicherin od. Bergkönig",
            "category": "Cheese",
            "currentPrice": "2.99€",
            "oldPrice": "N/A",
            "packageSize": "200 g",
            "unitPrice": "14.95/kg",
            "discount": "N/A",
            "availabilityDateRange": "N/A",
            "productHash": "kärntnermilch_zarte_österreicherin_od_bergkönig200_gcheese",
            "offerEndDate": "2025-10-29",
            "offerStartDate": "2025-10-29",
            "currentPriceNumeric": 2.99,
            "oldPriceNumeric": null,
            "storeName": "BILLA"
        },
        {
            "productName": "Woerle Mondseer Käse",
            "category": "Cheese",
            "currentPrice": "2.99€",
            "oldPrice": "N/A",
            "packageSize": "200 g",
            "unitPrice": "14.95/kg",
            "discount": "N/A",
            "availabilityDateRange": "N/A",
            "productHash": "woerle_mondseer_käse200_gcheese",
            "offerEndDate": "2025-10-29",
            "offerStartDate": "2025-10-29",
            "currentPriceNumeric": 2.99,
            "oldPriceNumeric": null,
            "storeName": "BILLA"
        },
        {
            "productName": "Alma Vorarlberger Alpkäse",
            "category": "Cheese",
            "currentPrice": "2.49€",
            "oldPrice": "N/A",
            "packageSize": "100 g",
            "unitPrice": "24.90/kg",
            "discount": "N/A",
            "availabilityDateRange": "N/A",
            "productHash": "alma_vorarlberger_alpkäse100_gcheese",
            "offerEndDate": "2025-10-29",
            "offerStartDate": "2025-10-29",
            "currentPriceNumeric": 2.49,
            "oldPriceNumeric": null,
            "storeName": "BILLA"
        },
        {
            "productName": "Nöm Teebutter",
            "category": "Butter",
            "currentPrice": "2.49€",
            "oldPrice": "3.09€",
            "packageSize": "250 g",
            "unitPrice": "9.96/kg",
            "discount": "-0.60€ billiger",
            "availabilityDateRange": "N/A",
            "productHash": "nöm_teebutter250_gbutter",
            "offerEndDate": "2025-10-29",
            "offerStartDate": "2025-10-29",
            "currentPriceNumeric": 2.49,
            "oldPriceNumeric": 3.09,
            "storeName": "BILLA"
        },
        {
            "productName": "Rougette Ofenkäse div. Sorten",
            "category": "Cheese",
            "currentPrice": "4.39€",
            "oldPrice": "6.49€",
            "packageSize": "320 g",
            "unitPrice": "N/A",
            "discount": "-32% billiger",
            "availabilityDateRange": "N/A",
            "productHash": "rougette_ofenkäse_div_sorten320_gcheese",
            "offerEndDate": "2025-10-29",
            "offerStartDate": "2025-10-29",
            "currentPriceNumeric": 4.39,
            "oldPriceNumeric": 6.49,
            "storeName": "BILLA"
        },
        {
            "productName": "Knorr Fix od. Saucen div. Sorten",
            "category": "Seasonings & Sauces",
            "currentPrice": "0.99€",
            "oldPrice": "1.49€",
            "packageSize": "N/A",
            "unitPrice": "N/A",
            "discount": "2+1 gratis",
            "availabilityDateRange": "N/A",
            "productHash": "knorr_fix_od_saucen_div_sortennaseasonings_sauces",
            "offerEndDate": "2025-10-29",
            "offerStartDate": "2025-10-29",
            "currentPriceNumeric": 0.99,
            "oldPriceNumeric": 1.49,
            "storeName": "BILLA"
        },
        {
            "productName": "Delamaris Makrelenfilet div. Sorten",
            "category": "Canned Fish",
            "currentPrice": "1.46€",
            "oldPrice": "2.19€",
            "packageSize": "125 g",
            "unitPrice": "N/A",
            "discount": "2+1 gratis",
            "availabilityDateRange": "N/A",
            "productHash": "delamaris_makrelenfilet_div_sorten125_gcanned_fish",
            "offerEndDate": "2025-10-29",
            "offerStartDate": "2025-10-29",
            "currentPriceNumeric": 1.46,
            "oldPriceNumeric": 2.19,
            "storeName": "BILLA"
        },
        {
            "productName": "Delamaris Makrelenfilets natur od. in Olivenöl",
            "category": "Canned Fish",
            "currentPrice": "2.19€",
            "oldPrice": "3.29€",
            "packageSize": "125 g",
            "unitPrice": "N/A",
            "discount": "2+1 gratis",
            "availabilityDateRange": "N/A",
            "productHash": "delamaris_makrelenfilets_natur_od_in_olivenöl125_gcanned_fis",
            "offerEndDate": "2025-10-29",
            "offerStartDate": "2025-10-29",
            "currentPriceNumeric": 2.19,
            "oldPriceNumeric": 3.29,
            "storeName": "BILLA"
        },
        {
            "productName": "McCain Country Potatoes od. 1-2-3 Frites",
            "category": "Frozen Potatoes",
            "currentPrice": "2.49€",
            "oldPrice": "3.99€/4.19€",
            "packageSize": "500 g - 750 g",
            "unitPrice": "N/A",
            "discount": "Bis zu -37% billiger",
            "availabilityDateRange": "N/A",
            "productHash": "mccain_country_potatoes_od_1_2_3_frites500_g_750_gfrozen_pot",
            "offerEndDate": "2025-10-29",
            "offerStartDate": "2025-10-29",
            "currentPriceNumeric": 2.49,
            "oldPriceNumeric": 3.99,
            "storeName": "BILLA"
        },
        {
            "productName": "Eskimo Cremissimo Eis div. Sorten",
            "category": "Ice Cream",
            "currentPrice": "2.99€",
            "oldPrice": "4.99€",
            "packageSize": "1 Liter",
            "unitPrice": "N/A",
            "discount": "-40% billiger",
            "availabilityDateRange": "N/A",
            "productHash": "eskimo_cremissimo_eis_div_sorten1_literice_cream",
            "offerEndDate": "2025-10-29",
            "offerStartDate": "2025-10-29",
            "currentPriceNumeric": 2.99,
            "oldPriceNumeric": 4.99,
            "storeName": "BILLA"
        },
        {
            "productName": "Coppenrath & Wiese Sachertorte",
            "category": "Frozen Desserts",
            "currentPrice": "12.99€",
            "oldPrice": "15.99€",
            "packageSize": "N/A",
            "unitPrice": "N/A",
            "discount": "-19% billiger",
            "availabilityDateRange": "N/A",
            "productHash": "coppenrath_wiese_sachertortenafrozen_desserts",
            "offerEndDate": "2025-10-29",
            "offerStartDate": "2025-10-29",
            "currentPriceNumeric": 12.99,
            "oldPriceNumeric": 15.99,
            "storeName": "BILLA"
        },
        {
            "productName": "Dr. Oetker Bistro Baguette div. Sorten",
            "category": "Frozen Snacks",
            "currentPrice": "1.49€",
            "oldPrice": "2.99€",
            "packageSize": "250 g",
            "unitPrice": "N/A",
            "discount": "1+1 gratis",
            "availabilityDateRange": "N/A",
            "productHash": "dr_oetker_bistro_baguette_div_sorten250_gfrozen_snacks",
            "offerEndDate": "2025-10-29",
            "offerStartDate": "2025-10-29",
            "currentPriceNumeric": 1.49,
            "oldPriceNumeric": 2.99,
            "storeName": "BILLA"
        },
        {
            "productName": "Iglo Hühner Nuggets in Backteig",
            "category": "Frozen Poultry",
            "currentPrice": "2.64€",
            "oldPrice": "5.29€",
            "packageSize": "250 g",
            "unitPrice": "N/A",
            "discount": "1+1 gratis",
            "availabilityDateRange": "N/A",
            "productHash": "iglo_hühner_nuggets_in_backteig250_gfrozen_poultry",
            "offerEndDate": "2025-10-29",
            "offerStartDate": "2025-10-29",
            "currentPriceNumeric": 2.64,
            "oldPriceNumeric": 5.29,
            "storeName": "BILLA"
        },
        {
            "productName": "Rapso Rapsöl od. Rapsöl-Mix",
            "category": "Oils",
            "currentPrice": "3.99€",
            "oldPrice": "5.99€",
            "packageSize": "0.75 Liter",
            "unitPrice": "N/A",
            "discount": "-33% billiger",
            "availabilityDateRange": "N/A",
            "productHash": "rapso_rapsöl_od_rapsöl_mix075_literoils",
            "offerEndDate": "2025-10-29",
            "offerStartDate": "2025-10-29",
            "currentPriceNumeric": 3.99,
            "oldPriceNumeric": 5.99,
            "storeName": "BILLA"
        },
        {
            "productName": "Siclil Bio-Zitronen od. Orangen",
            "category": "Fruits",
            "currentPrice": "2.99€",
            "oldPrice": "3.29€",
            "packageSize": "500 g Packung",
            "unitPrice": "5.98/kg",
            "discount": "-0.30€ billiger",
            "availabilityDateRange": "N/A",
            "productHash": "siclil_bio_zitronen_od_orangen500_g_packungfruits",
            "offerEndDate": "2025-10-29",
            "offerStartDate": "2025-10-29",
            "currentPriceNumeric": 2.99,
            "oldPriceNumeric": 3.29,
            "storeName": "BILLA"
        },
        {
            "productName": "Barzells Winterzucker-Riegel mit Haselnuss-Nougat od. White Hazelnut Almond",
            "category": "Chocolate Bars",
            "currentPrice": "1.79€",
            "oldPrice": "2.49€",
            "packageSize": "35 g - 28 g",
            "unitPrice": "N/A",
            "discount": "-28% billiger",
            "availabilityDateRange": "N/A",
            "productHash": "barzells_winterzucker_riegel_mit_haselnuss_nougat_od_white_h",
            "offerEndDate": "2025-10-29",
            "offerStartDate": "2025-10-29",
            "currentPriceNumeric": 1.79,
            "oldPriceNumeric": 2.49,
            "storeName": "BILLA"
        },
        {
            "productName": "Hafervoll Haferriegel mit Cranberry od. Banane Brownie",
            "category": "Snack Bars",
            "currentPrice": "1.49€",
            "oldPrice": "2.29€",
            "packageSize": "60 g - 84 g",
            "unitPrice": "N/A",
            "discount": "-34% billiger",
            "availabilityDateRange": "N/A",
            "productHash": "hafervoll_haferriegel_mit_cranberry_od_banane_brownie60_g_84",
            "offerEndDate": "2025-10-29",
            "offerStartDate": "2025-10-29",
            "currentPriceNumeric": 1.49,
            "oldPriceNumeric": 2.29,
            "storeName": "BILLA"
        },
        {
            "productName": "Bonne Maman Konfitüre div. Sorten",
            "category": "Jams & Spreads",
            "currentPrice": "2.39€",
            "oldPrice": "3.59€",
            "packageSize": "370 g - 380 g",
            "unitPrice": "N/A",
            "discount": "2+1 gratis",
            "availabilityDateRange": "N/A",
            "productHash": "bonne_maman_konfitüre_div_sorten370_g_380_gjams_spreads",
            "offerEndDate": "2025-10-29",
            "offerStartDate": "2025-10-29",
            "currentPriceNumeric": 2.39,
            "oldPriceNumeric": 3.59,
            "storeName": "BILLA"
        },
        {
            "productName": "Teekanne Tee div. Sorten",
            "category": "Tea",
            "currentPrice": "2.79€",
            "oldPrice": "3.75€",
            "packageSize": "20 Teebeutel",
            "unitPrice": "N/A",
            "discount": "-26% billiger",
            "availabilityDateRange": "N/A",
            "productHash": "teekanne_tee_div_sorten20_teebeuteltea",
            "offerEndDate": "2025-10-29",
            "offerStartDate": "2025-10-29",
            "currentPriceNumeric": 2.79,
            "oldPriceNumeric": 3.75,
            "storeName": "BILLA"
        },
        {
            "productName": "Ben's Original Spitzlang- od. Langkorn-Reis",
            "category": "Rice",
            "currentPrice": "3.49€",
            "oldPrice": "4.99€",
            "packageSize": "1 kg",
            "unitPrice": "N/A",
            "discount": "-30% billiger",
            "availabilityDateRange": "N/A",
            "productHash": "bens_original_spitzlang_od_langkorn_reis1_kgrice",
            "offerEndDate": "2025-10-29",
            "offerStartDate": "2025-10-29",
            "currentPriceNumeric": 3.49,
            "oldPriceNumeric": 4.99,
            "storeName": "BILLA"
        },
        {
            "productName": "Tassimo Kapseln div. Sorten",
            "category": "Coffee",
            "currentPrice": "6.49€",
            "oldPrice": "7.99€",
            "packageSize": "104 g - 344 g",
            "unitPrice": "N/A",
            "discount": "-1.50€ billiger",
            "availabilityDateRange": "N/A",
            "productHash": "tassimo_kapseln_div_sorten104_g_344_gcoffee",
            "offerEndDate": "2025-10-29",
            "offerStartDate": "2025-10-29",
            "currentPriceNumeric": 6.49,
            "oldPriceNumeric": 7.99,
            "storeName": "BILLA"
        },
        {
            "productName": "Julius Meinl Wiener Melange",
            "category": "Coffee",
            "currentPrice": "21.99€",
            "oldPrice": "29.99€",
            "packageSize": "900 g - 1000 g Packung",
            "unitPrice": "N/A",
            "discount": "-31% billiger",
            "availabilityDateRange": "N/A",
            "productHash": "julius_meinl_wiener_melange900_g_1000_g_packungcoffee",
            "offerEndDate": "2025-10-29",
            "offerStartDate": "2025-10-29",
            "currentPriceNumeric": 21.99,
            "oldPriceNumeric": 29.99,
            "storeName": "BILLA"
        },
        {
            "productName": "Nescafé Gold",
            "category": "Instant Coffee",
            "currentPrice": "11.99€",
            "oldPrice": "15.49€",
            "packageSize": "200 g Glas",
            "unitPrice": "N/A",
            "discount": "-3.50€ billiger",
            "availabilityDateRange": "N/A",
            "productHash": "nescafé_gold200_g_glasinstant_coffee",
            "offerEndDate": "2025-10-29",
            "offerStartDate": "2025-10-29",
            "currentPriceNumeric": 11.99,
            "oldPriceNumeric": 15.49,
            "storeName": "BILLA"
        },
        {
            "productName": "Julius Meinl Präsident od. Red/Blue",
            "category": "Coffee",
            "currentPrice": "9.66€",
            "oldPrice": "14.49€",
            "packageSize": "500 g",
            "unitPrice": "N/A",
            "discount": "2+1 gratis",
            "availabilityDateRange": "N/A",
            "productHash": "julius_meinl_präsident_od_redblue500_gcoffee",
            "offerEndDate": "2025-10-29",
            "offerStartDate": "2025-10-29",
            "currentPriceNumeric": 9.66,
            "oldPriceNumeric": 14.49,
            "storeName": "BILLA"
        },
        {
            "productName": "Capri-Sun div. Sorten",
            "category": "Juice Drinks",
            "currentPrice": "0.74€",
            "oldPrice": "1.49€",
            "packageSize": "0.33 Liter",
            "unitPrice": "N/A",
            "discount": "3+3 gratis",
            "availabilityDateRange": "N/A",
            "productHash": "capri_sun_div_sorten033_literjuice_drinks",
            "offerEndDate": "2025-10-29",
            "offerStartDate": "2025-10-29",
            "currentPriceNumeric": 0.74,
            "oldPriceNumeric": 1.49,
            "storeName": "BILLA"
        },
        {
            "productName": "Römerquelle Emotion od. Balance div. Sorten",
            "category": "Flavored Water",
            "currentPrice": "0.99€",
            "oldPrice": "1.49€",
            "packageSize": "1.5 Liter",
            "unitPrice": "N/A",
            "discount": "2+1 gratis",
            "availabilityDateRange": "N/A",
            "productHash": "römerquelle_emotion_od_balance_div_sorten15_literflavored_wa",
            "offerEndDate": "2025-10-29",
            "offerStartDate": "2025-10-29",
            "currentPriceNumeric": 0.99,
            "oldPriceNumeric": 1.49,
            "storeName": "BILLA"
        },
        {
            "productName": "Jana Ice Tea div. Sorten",
            "category": "Iced Tea",
            "currentPrice": "1.26€",
            "oldPrice": "1.89€",
            "packageSize": "1.5 Liter",
            "unitPrice": "N/A",
            "discount": "2+1 gratis",
            "availabilityDateRange": "N/A",
            "productHash": "jana_ice_tea_div_sorten15_litericed_tea",
            "offerEndDate": "2025-10-29",
            "offerStartDate": "2025-10-29",
            "currentPriceNumeric": 1.26,
            "oldPriceNumeric": 1.89,
            "storeName": "BILLA"
        },
        {
            "productName": "Schartner Bombe div. Sorten",
            "category": "Soft Drinks",
            "currentPrice": "0.35€",
            "oldPrice": "0.84€",
            "packageSize": "0.33 Liter",
            "unitPrice": "N/A",
            "discount": "12+12 gratis",
            "availabilityDateRange": "N/A",
            "productHash": "schartner_bombe_div_sorten033_litersoft_drinks",
            "offerEndDate": "2025-10-29",
            "offerStartDate": "2025-10-29",
            "currentPriceNumeric": 0.35,
            "oldPriceNumeric": 0.84,
            "storeName": "BILLA"
        },
        {
            "productName": "Gröbi Limonade div. Sorten",
            "category": "Soft Drinks",
            "currentPrice": "1.32€",
            "oldPrice": "1.99€",
            "packageSize": "1.5 Liter",
            "unitPrice": "N/A",
            "discount": "4+2 gratis",
            "availabilityDateRange": "N/A",
            "productHash": "gröbi_limonade_div_sorten15_litersoft_drinks",
            "offerEndDate": "2025-10-29",
            "offerStartDate": "2025-10-29",
            "currentPriceNumeric": 1.32,
            "oldPriceNumeric": 1.99,
            "storeName": "BILLA"
        },
        {
            "productName": "Monster Energy Drink div. Sorten",
            "category": "Energy Drinks",
            "currentPrice": "1.09€",
            "oldPrice": "1.69€",
            "packageSize": "0.5 Liter Dose",
            "unitPrice": "N/A",
            "discount": "2+2 gratis",
            "availabilityDateRange": "N/A",
            "productHash": "monster_energy_drink_div_sorten05_liter_doseenergy_drinks",
            "offerEndDate": "2025-10-29",
            "offerStartDate": "2025-10-29",
            "currentPriceNumeric": 1.09,
            "oldPriceNumeric": 1.69,
            "storeName": "BILLA"
        },
        {
            "productName": "Römerquelle div. Sorten",
            "category": "Mineral Water",
            "currentPrice": "0.69€",
            "oldPrice": "1.09€",
            "packageSize": "1.5 Liter",
            "unitPrice": "N/A",
            "discount": "3+3 gratis",
            "availabilityDateRange": "N/A",
            "productHash": "römerquelle_div_sorten15_litermineral_water",
            "offerEndDate": "2025-10-29",
            "offerStartDate": "2025-10-29",
            "currentPriceNumeric": 0.69,
            "oldPriceNumeric": 1.09,
            "storeName": "BILLA"
        },
        {
            "productName": "Happy Day div. Sorten",
            "category": "Juices",
            "currentPrice": "1.86€",
            "oldPrice": "2.79€",
            "packageSize": "1 Liter",
            "unitPrice": "N/A",
            "discount": "2+1 gratis",
            "availabilityDateRange": "N/A",
            "productHash": "happy_day_div_sorten1_literjuices",
            "offerEndDate": "2025-10-29",
            "offerStartDate": "2025-10-29",
            "currentPriceNumeric": 1.86,
            "oldPriceNumeric": 2.79,
            "storeName": "BILLA"
        },
        {
            "productName": "Stegersmeer Hell",
            "category": "Beer",
            "currentPrice": "21.80€",
            "oldPrice": "27.80€",
            "packageSize": "1 Kiste (20 Flaschen)",
            "unitPrice": "N/A",
            "discount": "-6.00€ billiger",
            "availabilityDateRange": "N/A",
            "productHash": "stegersmeer_hell1_kiste_20_flaschenbeer",
            "offerEndDate": "2025-10-29",
            "offerStartDate": "2025-10-29",
            "currentPriceNumeric": 21.8,
            "oldPriceNumeric": 27.8,
            "storeName": "BILLA"
        },
        {
            "productName": "Schneider Weisse Original od. Kristallweizen od. Lovebeer",
            "category": "Beer",
            "currentPrice": "19.80€",
            "oldPrice": "29.80€",
            "packageSize": "1 Kiste (12 Flaschen)",
            "unitPrice": "N/A",
            "discount": "-33% billiger",
            "availabilityDateRange": "N/A",
            "productHash": "schneider_weisse_original_od_kristallweizen_od_lovebeer1_kis",
            "offerEndDate": "2025-10-29",
            "offerStartDate": "2025-10-29",
            "currentPriceNumeric": 19.8,
            "oldPriceNumeric": 29.8,
            "storeName": "BILLA"
        },
        {
            "productName": "Stiegl Helles/Goldbräu",
            "category": "Beer",
            "currentPrice": "6.94€",
            "oldPrice": "9.80€",
            "packageSize": "6-Träger",
            "unitPrice": "N/A",
            "discount": "-29% billiger",
            "availabilityDateRange": "N/A",
            "productHash": "stiegl_hellesgoldbräu6_trägerbeer",
            "offerEndDate": "2025-10-29",
            "offerStartDate": "2025-10-29",
            "currentPriceNumeric": 6.94,
            "oldPriceNumeric": 9.8,
            "storeName": "BILLA"
        },
        {
            "productName": "Stiegl Hell od. Goldbräu",
            "category": "Beer",
            "currentPrice": "19.80€",
            "oldPrice": "27.60€",
            "packageSize": "1 Kiste (20 Flaschen)",
            "unitPrice": "N/A",
            "discount": "-28% billiger",
            "availabilityDateRange": "N/A",
            "productHash": "stiegl_hell_od_goldbräu1_kiste_20_flaschenbeer",
            "offerEndDate": "2025-10-29",
            "offerStartDate": "2025-10-29",
            "currentPriceNumeric": 19.8,
            "oldPriceNumeric": 27.6,
            "storeName": "BILLA"
        },
        {
            "productName": "Puntigamer Bier",
            "category": "Beer",
            "currentPrice": "0.63€",
            "oldPrice": "1.45€",
            "packageSize": "0.5 Liter",
            "unitPrice": "N/A",
            "discount": "-55% billiger",
            "availabilityDateRange": "N/A",
            "productHash": "puntigamer_bier05_literbeer",
            "offerEndDate": "2025-10-29",
            "offerStartDate": "2025-10-29",
            "currentPriceNumeric": 0.63,
            "oldPriceNumeric": 1.45,
            "storeName": "BILLA"
        },
        {
            "productName": "Wieselburger Bier",
            "category": "Beer",
            "currentPrice": "0.63€",
            "oldPrice": "1.27€",
            "packageSize": "0.5 Liter Einweg",
            "unitPrice": "N/A",
            "discount": "12+12 gratis",
            "availabilityDateRange": "N/A",
            "productHash": "wieselburger_bier05_liter_einwegbeer",
            "offerEndDate": "2025-10-29",
            "offerStartDate": "2025-10-29",
            "currentPriceNumeric": 0.63,
            "oldPriceNumeric": 1.27,
            "storeName": "BILLA"
        },
        {
            "productName": "Wieselburger Bier",
            "category": "Beer",
            "currentPrice": "13.80€",
            "oldPrice": "25.80€",
            "packageSize": "1 Kiste (20 Flaschen)",
            "unitPrice": "N/A",
            "discount": "-46% billiger",
            "availabilityDateRange": "N/A",
            "productHash": "wieselburger_bier1_kiste_20_flaschenbeer",
            "offerEndDate": "2025-10-29",
            "offerStartDate": "2025-10-29",
            "currentPriceNumeric": 13.8,
            "oldPriceNumeric": 25.8,
            "storeName": "BILLA"
        },
        {
            "productName": "Gösser Bier",
            "category": "Beer",
            "currentPrice": "14.40€",
            "oldPrice": "28.80€",
            "packageSize": "1 Kiste (20 Flaschen)",
            "unitPrice": "N/A",
            "discount": "-50% billiger",
            "availabilityDateRange": "N/A",
            "productHash": "gösser_bier1_kiste_20_flaschenbeer",
            "offerEndDate": "2025-10-29",
            "offerStartDate": "2025-10-29",
            "currentPriceNumeric": 14.4,
            "oldPriceNumeric": 28.8,
            "storeName": "BILLA"
        },
        {
            "productName": "Kelly's Chips div. Sorten",
            "category": "Snacks",
            "currentPrice": "1.99€",
            "oldPrice": "2.99€",
            "packageSize": "175 g",
            "unitPrice": "N/A",
            "discount": "2+1 gratis",
            "availabilityDateRange": "N/A",
            "productHash": "kellys_chips_div_sorten175_gsnacks",
            "offerEndDate": "2025-10-29",
            "offerStartDate": "2025-10-29",
            "currentPriceNumeric": 1.99,
            "oldPriceNumeric": 2.99,
            "storeName": "BILLA"
        },
        {
            "productName": "Werther's Original Caramel Popcorn",
            "category": "Snacks",
            "currentPrice": "1.99€",
            "oldPrice": "2.99€",
            "packageSize": "140 g - 160 g",
            "unitPrice": "N/A",
            "discount": "-1.00€ billiger",
            "availabilityDateRange": "N/A",
            "productHash": "werthers_original_caramel_popcorn140_g_160_gsnacks",
            "offerEndDate": "2025-10-29",
            "offerStartDate": "2025-10-29",
            "currentPriceNumeric": 1.99,
            "oldPriceNumeric": 2.99,
            "storeName": "BILLA"
        },
        {
            "productName": "Tuc Cracker Classic od. Original",
            "category": "Crackers",
            "currentPrice": "3.49€",
            "oldPrice": "4.49€",
            "packageSize": "300 g - 3 x 100 g",
            "unitPrice": "N/A",
            "discount": "-1.00€ billiger",
            "availabilityDateRange": "N/A",
            "productHash": "tuc_cracker_classic_od_original300_g_3_x_100_gcrackers",
            "offerEndDate": "2025-10-29",
            "offerStartDate": "2025-10-29",
            "currentPriceNumeric": 3.49,
            "oldPriceNumeric": 4.49,
            "storeName": "BILLA"
        },
        {
            "productName": "Chio Tortillas Chips div. Sorten",
            "category": "Snacks",
            "currentPrice": "1.24€",
            "oldPrice": "2.49€",
            "packageSize": "100 g - 125 g",
            "unitPrice": "N/A",
            "discount": "1+1 gratis",
            "availabilityDateRange": "N/A",
            "productHash": "chio_tortillas_chips_div_sorten100_g_125_gsnacks",
            "offerEndDate": "2025-10-29",
            "offerStartDate": "2025-10-29",
            "currentPriceNumeric": 1.24,
            "oldPriceNumeric": 2.49,
            "storeName": "BILLA"
        },
        {
            "productName": "Piccini Chianti Riserva DOCG",
            "category": "Wine",
            "currentPrice": "7.99€",
            "oldPrice": "N/A",
            "packageSize": "0.75 Liter Flasche",
            "unitPrice": "N/A",
            "discount": "1+1 gratis",
            "availabilityDateRange": "N/A",
            "productHash": "piccini_chianti_riserva_docg075_liter_flaschewine",
            "offerEndDate": "2025-10-29",
            "offerStartDate": "2025-10-29",
            "currentPriceNumeric": 7.99,
            "oldPriceNumeric": null,
            "storeName": "BILLA"
        },
        {
            "productName": "Berliner Luft Pfefferminzlikör",
            "category": "Liqueur",
            "currentPrice": "8.99€",
            "oldPrice": "13.99€",
            "packageSize": "0.7 Liter",
            "unitPrice": "N/A",
            "discount": "-32% billiger",
            "availabilityDateRange": "N/A",
            "productHash": "berliner_luft_pfefferminzlikör07_literliqueur",
            "offerEndDate": "2025-10-29",
            "offerStartDate": "2025-10-29",
            "currentPriceNumeric": 8.99,
            "oldPriceNumeric": 13.99,
            "storeName": "BILLA"
        },
        {
            "productName": "clever Putenschinken geschnitten",
            "category": "Cold Cuts",
            "currentPrice": "1.99€",
            "oldPrice": "2.69€",
            "packageSize": "125 g",
            "unitPrice": "N/A",
            "discount": "N/A",
            "availabilityDateRange": "N/A",
            "productHash": "clever_putenschinken_geschnitten125_gcold_cuts",
            "offerEndDate": "2025-10-29",
            "offerStartDate": "2025-10-29",
            "currentPriceNumeric": 1.99,
            "oldPriceNumeric": 2.69,
            "storeName": "BILLA"
        },
        {
            "productName": "clever Cabanossi",
            "category": "Sausages",
            "currentPrice": "2.99€",
            "oldPrice": "3.49€",
            "packageSize": "300 g",
            "unitPrice": "9.97/kg",
            "discount": "N/A",
            "availabilityDateRange": "N/A",
            "productHash": "clever_cabanossi300_gsausages",
            "offerEndDate": "2025-10-29",
            "offerStartDate": "2025-10-29",
            "currentPriceNumeric": 2.99,
            "oldPriceNumeric": 3.49,
            "storeName": "BILLA"
        },
        {
            "productName": "clever Korree od. Schopf Steak",
            "category": "Meat & Poultry",
            "currentPrice": "5.99€",
            "oldPrice": "7.99€",
            "packageSize": "per Kilo",
            "unitPrice": "N/A",
            "discount": "N/A",
            "availabilityDateRange": "N/A",
            "productHash": "clever_korree_od_schopf_steakper_kilomeat_poultry",
            "offerEndDate": "2025-10-29",
            "offerStartDate": "2025-10-29",
            "currentPriceNumeric": 5.99,
            "oldPriceNumeric": 7.99,
            "storeName": "BILLA"
        },
        {
            "productName": "clever Joghurt 0,1% Fett",
            "category": "Yogurt",
            "currentPrice": "0.45€",
            "oldPrice": "0.49€",
            "packageSize": "150 g",
            "unitPrice": "3.00/kg",
            "discount": "N/A",
            "availabilityDateRange": "N/A",
            "productHash": "clever_joghurt_01_fett150_gyogurt",
            "offerEndDate": "2025-10-29",
            "offerStartDate": "2025-10-29",
            "currentPriceNumeric": 0.45,
            "oldPriceNumeric": 0.49,
            "storeName": "BILLA"
        },
        {
            "productName": "clever Frischkäse Natur",
            "category": "Cheese",
            "currentPrice": "1.79€",
            "oldPrice": "1.99€",
            "packageSize": "175 g",
            "unitPrice": "N/A",
            "discount": "N/A",
            "availabilityDateRange": "N/A",
            "productHash": "clever_frischkäse_natur175_gcheese",
            "offerEndDate": "2025-10-29",
            "offerStartDate": "2025-10-29",
            "currentPriceNumeric": 1.79,
            "oldPriceNumeric": 1.99,
            "storeName": "BILLA"
        },
        {
            "productName": "clever Erdäpfelsalat",
            "category": "Salads",
            "currentPrice": "1.79€",
            "oldPrice": "1.99€",
            "packageSize": "500 g Packung",
            "unitPrice": "3.58/kg",
            "discount": "N/A",
            "availabilityDateRange": "N/A",
            "productHash": "clever_erdäpfelsalat500_g_packungsalads",
            "offerEndDate": "2025-10-29",
            "offerStartDate": "2025-10-29",
            "currentPriceNumeric": 1.79,
            "oldPriceNumeric": 1.99,
            "storeName": "BILLA"
        },
        {
            "productName": "clever Chicken Tikka Masala",
            "category": "Ready Meals",
            "currentPrice": "1.99€",
            "oldPrice": "2.49€",
            "packageSize": "300 g",
            "unitPrice": "6.63/kg",
            "discount": "N/A",
            "availabilityDateRange": "N/A",
            "productHash": "clever_chicken_tikka_masala300_gready_meals",
            "offerEndDate": "2025-10-29",
            "offerStartDate": "2025-10-29",
            "currentPriceNumeric": 1.99,
            "oldPriceNumeric": 2.49,
            "storeName": "BILLA"
        },
        {
            "productName": "clever Creme fraîche",
            "category": "Dairy",
            "currentPrice": "0.99€",
            "oldPrice": "1.09€",
            "packageSize": "150 g",
            "unitPrice": "6.60/kg",
            "discount": "N/A",
            "availabilityDateRange": "N/A",
            "productHash": "clever_creme_fraîche150_gdairy",
            "offerEndDate": "2025-10-29",
            "offerStartDate": "2025-10-29",
            "currentPriceNumeric": 0.99,
            "oldPriceNumeric": 1.09,
            "storeName": "BILLA"
        },
        {
            "productName": "clever Fadenkäse",
            "category": "Cheese",
            "currentPrice": "1.79€",
            "oldPrice": "1.99€",
            "packageSize": "100 g",
            "unitPrice": "17.90/kg",
            "discount": "N/A",
            "availabilityDateRange": "N/A",
            "productHash": "clever_fadenkäse100_gcheese",
            "offerEndDate": "2025-10-29",
            "offerStartDate": "2025-10-29",
            "currentPriceNumeric": 1.79,
            "oldPriceNumeric": 1.99,
            "storeName": "BILLA"
        },
        {
            "productName": "clever Weizenmehl glatt",
            "category": "Flour",
            "currentPrice": "0.89€",
            "oldPrice": "0.99€",
            "packageSize": "1 kg",
            "unitPrice": "N/A",
            "discount": "N/A",
            "availabilityDateRange": "N/A",
            "productHash": "clever_weizenmehl_glatt1_kgflour",
            "offerEndDate": "2025-10-29",
            "offerStartDate": "2025-10-29",
            "currentPriceNumeric": 0.89,
            "oldPriceNumeric": 0.99,
            "storeName": "BILLA"
        },
        {
            "productName": "clever Weißbrot",
            "category": "Bread",
            "currentPrice": "1.19€",
            "oldPrice": "1.29€",
            "packageSize": "500 g",
            "unitPrice": "2.38/kg",
            "discount": "N/A",
            "availabilityDateRange": "N/A",
            "productHash": "clever_weißbrot500_gbread",
            "offerEndDate": "2025-10-29",
            "offerStartDate": "2025-10-29",
            "currentPriceNumeric": 1.19,
            "oldPriceNumeric": 1.29,
            "storeName": "BILLA"
        },
        {
            "productName": "clever Milch 3,5% Fett",
            "category": "Dairy",
            "currentPrice": "1.59€",
            "oldPrice": "1.69€",
            "packageSize": "1 Liter",
            "unitPrice": "N/A",
            "discount": "N/A",
            "availabilityDateRange": "N/A",
            "productHash": "clever_milch_35_fett1_literdairy",
            "offerEndDate": "2025-10-29",
            "offerStartDate": "2025-10-29",
            "currentPriceNumeric": 1.59,
            "oldPriceNumeric": 1.69,
            "storeName": "BILLA"
        },
        {
            "productName": "clever Frischekäse Bresso",
            "category": "Cheese",
            "currentPrice": "1.59€",
            "oldPrice": "1.79€",
            "packageSize": "125 g",
            "unitPrice": "12.72/kg",
            "discount": "N/A",
            "availabilityDateRange": "N/A",
            "productHash": "clever_frischekäse_bresso125_gcheese",
            "offerEndDate": "2025-10-29",
            "offerStartDate": "2025-10-29",
            "currentPriceNumeric": 1.59,
            "oldPriceNumeric": 1.79,
            "storeName": "BILLA"
        },
        {
            "productName": "clever Espresso Kapseln",
            "category": "Coffee",
            "currentPrice": "2.99€",
            "oldPrice": "3.49€",
            "packageSize": "10 Stk.",
            "unitPrice": "N/A",
            "discount": "N/A",
            "availabilityDateRange": "N/A",
            "productHash": "clever_espresso_kapseln10_stkcoffee",
            "offerEndDate": "2025-10-29",
            "offerStartDate": "2025-10-29",
            "currentPriceNumeric": 2.99,
            "oldPriceNumeric": 3.49,
            "storeName": "BILLA"
        },
        {
            "productName": "clever Cappuccino Extra Stark",
            "category": "Coffee",
            "currentPrice": "3.49€",
            "oldPrice": "3.99€",
            "packageSize": "400 g",
            "unitPrice": "8.73/kg",
            "discount": "N/A",
            "availabilityDateRange": "N/A",
            "productHash": "clever_cappuccino_extra_stark400_gcoffee",
            "offerEndDate": "2025-10-29",
            "offerStartDate": "2025-10-29",
            "currentPriceNumeric": 3.49,
            "oldPriceNumeric": 3.99,
            "storeName": "BILLA"
        },
        {
            "productName": "clever Apfel od. Orangensaft naturtrüb",
            "category": "Juice",
            "currentPrice": "1.29€",
            "oldPrice": "1.49€",
            "packageSize": "1 Liter",
            "unitPrice": "N/A",
            "discount": "N/A",
            "availabilityDateRange": "N/A",
            "productHash": "clever_apfel_od_orangensaft_naturtrüb1_literjuice",
            "offerEndDate": "2025-10-29",
            "offerStartDate": "2025-10-29",
            "currentPriceNumeric": 1.29,
            "oldPriceNumeric": 1.49,
            "storeName": "BILLA"
        },
        {
            "productName": "clever Sirup Hollunder od. Himbeer",
            "category": "Syrups",
            "currentPrice": "2.99€",
            "oldPrice": "3.49€",
            "packageSize": "0.7 Liter",
            "unitPrice": "N/A",
            "discount": "N/A",
            "availabilityDateRange": "N/A",
            "productHash": "clever_sirup_hollunder_od_himbeer07_litersyrups",
            "offerEndDate": "2025-10-29",
            "offerStartDate": "2025-10-29",
            "currentPriceNumeric": 2.99,
            "oldPriceNumeric": 3.49,
            "storeName": "BILLA"
        },
        {
            "productName": "clever Mürbiskeitskekse mit Schokoboden",
            "category": "Biscuits",
            "currentPrice": "1.49€",
            "oldPrice": "1.69€",
            "packageSize": "200 g Packung",
            "unitPrice": "7.45/kg",
            "discount": "N/A",
            "availabilityDateRange": "N/A",
            "productHash": "clever_mürbiskeitskekse_mit_schokoboden200_g_packungbiscuits",
            "offerEndDate": "2025-10-29",
            "offerStartDate": "2025-10-29",
            "currentPriceNumeric": 1.49,
            "oldPriceNumeric": 1.69,
            "storeName": "BILLA"
        },
        {
            "productName": "clever Soft Cake Orange",
            "category": "Biscuits",
            "currentPrice": "1.99€",
            "oldPrice": "2.49€",
            "packageSize": "200 g Packung",
            "unitPrice": "9.95/kg",
            "discount": "N/A",
            "availabilityDateRange": "N/A",
            "productHash": "clever_soft_cake_orange200_g_packungbiscuits",
            "offerEndDate": "2025-10-29",
            "offerStartDate": "2025-10-29",
            "currentPriceNumeric": 1.99,
            "oldPriceNumeric": 2.49,
            "storeName": "BILLA"
        },
        {
            "productName": "clever Party Shots div. Sorten",
            "category": "Confectionery",
            "currentPrice": "7.99€",
            "oldPrice": "8.99€",
            "packageSize": "32 Stück",
            "unitPrice": "N/A",
            "discount": "N/A",
            "availabilityDateRange": "N/A",
            "productHash": "clever_party_shots_div_sorten32_stückconfectionery",
            "offerEndDate": "2025-10-29",
            "offerStartDate": "2025-10-29",
            "currentPriceNumeric": 7.99,
            "oldPriceNumeric": 8.99,
            "storeName": "BILLA"
        },
        {
            "productName": "clever Brezein gesalzen",
            "category": "Snacks",
            "currentPrice": "0.99€",
            "oldPrice": "1.25€",
            "packageSize": "250 g Packung",
            "unitPrice": "3.96/kg",
            "discount": "N/A",
            "availabilityDateRange": "N/A",
            "productHash": "clever_brezein_gesalzen250_g_packungsnacks",
            "offerEndDate": "2025-10-29",
            "offerStartDate": "2025-10-29",
            "currentPriceNumeric": 0.99,
            "oldPriceNumeric": 1.25,
            "storeName": "BILLA"
        },
        {
            "productName": "clever Himbeer-, Marillen- od. Erdbeermarmelade",
            "category": "Jams & Spreads",
            "currentPrice": "1.59€",
            "oldPrice": "1.99€",
            "packageSize": "350 g Glas",
            "unitPrice": "4.54/kg",
            "discount": "N/A",
            "availabilityDateRange": "N/A",
            "productHash": "clever_himbeer_marillen_od_erdbeermarmelade350_g_glasjams_sp",
            "offerEndDate": "2025-10-29",
            "offerStartDate": "2025-10-29",
            "currentPriceNumeric": 1.59,
            "oldPriceNumeric": 1.99,
            "storeName": "BILLA"
        },
        {
            "productName": "clever Schoko-Creme",
            "category": "Spreads",
            "currentPrice": "2.49€",
            "oldPrice": "3.39€",
            "packageSize": "750 g Glas",
            "unitPrice": "3.32/kg",
            "discount": "N/A",
            "availabilityDateRange": "N/A",
            "productHash": "clever_schoko_creme750_g_glasspreads",
            "offerEndDate": "2025-10-29",
            "offerStartDate": "2025-10-29",
            "currentPriceNumeric": 2.49,
            "oldPriceNumeric": 3.39,
            "storeName": "BILLA"
        },
        {
            "productName": "clever Toilettenpapier",
            "category": "Paper Products",
            "currentPrice": "4.39€",
            "oldPrice": "N/A",
            "packageSize": "N/A",
            "unitPrice": "N/A",
            "discount": "N/A",
            "availabilityDateRange": "N/A",
            "productHash": "clever_toilettenpapiernapaper_products",
            "offerEndDate": "2025-10-29",
            "offerStartDate": "2025-10-29",
            "currentPriceNumeric": 4.39,
            "oldPriceNumeric": null,
            "storeName": "BILLA"
        },
        {
            "productName": "clever Thonfisch in Olivenöl",
            "category": "Canned Fish",
            "currentPrice": "1.89€",
            "oldPrice": "2.18€",
            "packageSize": "185 g Dose",
            "unitPrice": "10.22/kg",
            "discount": "N/A",
            "availabilityDateRange": "N/A",
            "productHash": "clever_thonfisch_in_olivenöl185_g_dosecanned_fish",
            "offerEndDate": "2025-10-29",
            "offerStartDate": "2025-10-29",
            "currentPriceNumeric": 1.89,
            "oldPriceNumeric": 2.18,
            "storeName": "BILLA"
        },
        {
            "productName": "clever Handwaschmittel",
            "category": "Laundry Detergent",
            "currentPrice": "1.79€",
            "oldPrice": "3.99€",
            "packageSize": "1 Liter",
            "unitPrice": "N/A",
            "discount": "N/A",
            "availabilityDateRange": "N/A",
            "productHash": "clever_handwaschmittel1_literlaundry_detergent",
            "offerEndDate": "2025-10-29",
            "offerStartDate": "2025-10-29",
            "currentPriceNumeric": 1.79,
            "oldPriceNumeric": 3.99,
            "storeName": "BILLA"
        },
        {
            "productName": "Wiesbauer Kaiserbraten, Selchwürstel od. Spezial od. Käsewurst geschnitten",
            "category": "Cold Cuts",
            "currentPrice": "1.99€",
            "oldPrice": "2.99€",
            "packageSize": "80 g",
            "unitPrice": "N/A",
            "discount": "2+1 gratis",
            "availabilityDateRange": "N/A",
            "productHash": "wiesbauer_kaiserbraten_selchwürstel_od_spezial_od_käsewurst_",
            "offerEndDate": "2025-10-29",
            "offerStartDate": "2025-10-29",
            "currentPriceNumeric": 1.99,
            "oldPriceNumeric": 2.99,
            "storeName": "BILLA"
        },
        {
            "productName": "4 Diamanten Thunfisch in Öl od. in Wasser",
            "category": "Canned Fish",
            "currentPrice": "2.32€",
            "oldPrice": "3.49€",
            "packageSize": "185 g",
            "unitPrice": "N/A",
            "discount": "2+1 gratis",
            "availabilityDateRange": "N/A",
            "productHash": "4_diamanten_thunfisch_in_öl_od_in_wasser185_gcanned_fish",
            "offerEndDate": "2025-10-29",
            "offerStartDate": "2025-10-29",
            "currentPriceNumeric": 2.32,
            "oldPriceNumeric": 3.49,
            "storeName": "BILLA"
        },
        {
            "productName": "Illy Espresso div. Sorten",
            "category": "Coffee",
            "currentPrice": "6.99€",
            "oldPrice": "10.50€",
            "packageSize": "250 g Dose",
            "unitPrice": "27.96/kg",
            "discount": "-33% billiger",
            "availabilityDateRange": "N/A",
            "productHash": "illy_espresso_div_sorten250_g_dosecoffee",
            "offerEndDate": "2025-10-29",
            "offerStartDate": "2025-10-29",
            "currentPriceNumeric": 6.99,
            "oldPriceNumeric": 10.5,
            "storeName": "BILLA"
        },
        {
            "productName": "Vöslauer Mineralwasser div. Sorten",
            "category": "Mineral Water",
            "currentPrice": "0.47€",
            "oldPrice": "0.95€",
            "packageSize": "1 Liter",
            "unitPrice": "N/A",
            "discount": "3+3 gratis",
            "availabilityDateRange": "N/A",
            "productHash": "vöslauer_mineralwasser_div_sorten1_litermineral_water",
            "offerEndDate": "2025-10-29",
            "offerStartDate": "2025-10-29",
            "currentPriceNumeric": 0.47,
            "oldPriceNumeric": 0.95,
            "storeName": "BILLA"
        },
        {
            "productName": "Cosy Toilettenpapier",
            "category": "Paper Products",
            "currentPrice": "6.79€",
            "oldPrice": "N/A",
            "packageSize": "20 Rollen",
            "unitPrice": "N/A",
            "discount": "N/A",
            "availabilityDateRange": "N/A",
            "productHash": "cosy_toilettenpapier20_rollenpaper_products",
            "offerEndDate": "2025-10-29",
            "offerStartDate": "2025-10-29",
            "currentPriceNumeric": 6.79,
            "oldPriceNumeric": null,
            "storeName": "BILLA"
        },
        {
            "productName": "Kabeljaufilet",
            "category": "Fish",
            "currentPrice": "4.29€",
            "oldPrice": "6.99€",
            "packageSize": "per Kilo",
            "unitPrice": "N/A",
            "discount": "-37% billiger",
            "availabilityDateRange": "N/A",
            "productHash": "kabeljaufiletper_kilofish",
            "offerEndDate": "2025-10-29",
            "offerStartDate": "2025-10-29",
            "currentPriceNumeric": 4.29,
            "oldPriceNumeric": 6.99,
            "storeName": "BILLA"
        },
        {
            "productName": "Ambiaano Infrarot Lampe/Massagegerät",
            "category": "Health & Wellness",
            "currentPrice": "7,99€",
            "oldPrice": "16,99€",
            "packageSize": "N/A",
            "unitPrice": "N/A",
            "discount": "-52%",
            "availabilityDateRange": "AB DO. 30.10.",
            "productHash": "ambiaano_infrarot_lampemassagegerätnahealth_wellness",
            "offerEndDate": "2025-10-30",
            "offerStartDate": "2025-10-30",
            "currentPriceNumeric": 7.99,
            "oldPriceNumeric": 16.99,
            "storeName": "HOFER"
        },
        {
            "productName": "Glem Vital XXL Shampoo",
            "category": "Hair Care",
            "currentPrice": "3,99€",
            "oldPrice": "N/A",
            "packageSize": "250 ml",
            "unitPrice": "0,53€/100 ml",
            "discount": "N/A",
            "availabilityDateRange": "AB DO. 30.10.",
            "productHash": "glem_vital_xxl_shampoo250_mlhair_care",
            "offerEndDate": "2025-10-30",
            "offerStartDate": "2025-10-30",
            "currentPriceNumeric": 3.99,
            "oldPriceNumeric": null,
            "storeName": "HOFER"
        },
        {
            "productName": "Stiegl Goldbräu",
            "category": "Beer",
            "currentPrice": "13,00€",
            "oldPrice": "14,60€",
            "packageSize": "20 x 0,5 l",
            "unitPrice": "0,65€/Liter",
            "discount": "N/A",
            "availabilityDateRange": "FR. 24.10. UND SA. 25.10.",
            "productHash": "stiegl_goldbräu20_x_05_lbeer",
            "offerEndDate": "2025-10-30",
            "offerStartDate": "2025-10-30",
            "currentPriceNumeric": 13.0,
            "oldPriceNumeric": 14.6,
            "storeName": "HOFER"
        },
        {
            "productName": "Philadelphia Frischkäse",
            "category": "Dairy",
            "currentPrice": "1,34€",
            "oldPrice": "2,69€",
            "packageSize": "265 g",
            "unitPrice": "0,51€/100 g",
            "discount": "-50%",
            "availabilityDateRange": "FR. 24.10. UND SA. 25.10.",
            "productHash": "philadelphia_frischkäse265_gdairy",
            "offerEndDate": "2025-10-30",
            "offerStartDate": "2025-10-30",
            "currentPriceNumeric": 1.34,
            "oldPriceNumeric": 2.69,
            "storeName": "HOFER"
        },
        {
            "productName": "Coca-Cola Limonaden",
            "category": "Soft Drinks",
            "currentPrice": "1,19€",
            "oldPrice": "N/A",
            "packageSize": "1,5 l",
            "unitPrice": "N/A",
            "discount": "3+3 Gratis",
            "availabilityDateRange": "FR. 24.10. UND SA. 25.10.",
            "productHash": "coca_cola_limonaden15_lsoft_drinks",
            "offerEndDate": "2025-10-30",
            "offerStartDate": "2025-10-30",
            "currentPriceNumeric": 1.19,
            "oldPriceNumeric": null,
            "storeName": "HOFER"
        },
        {
            "productName": "Gourmet Finest Cuisine Rinderrohschinken",
            "category": "Meat & Poultry",
            "currentPrice": "1,99€",
            "oldPrice": "2,99€",
            "packageSize": "70 g",
            "unitPrice": "2,84€/100 g",
            "discount": "-33%",
            "availabilityDateRange": "MO. 27.10. BIS DO. 30.10.",
            "productHash": "gourmet_finest_cuisine_rinderrohschinken70_gmeat_poultry",
            "offerEndDate": "2025-10-30",
            "offerStartDate": "2025-10-30",
            "currentPriceNumeric": 1.99,
            "oldPriceNumeric": 2.99,
            "storeName": "HOFER"
        },
        {
            "productName": "Hofer Marktplatz Paprika-Mix",
            "category": "Vegetables",
            "currentPrice": "1,99€",
            "oldPrice": "2,99€",
            "packageSize": "500 g",
            "unitPrice": "3,98€/kg",
            "discount": "-33%",
            "availabilityDateRange": "FR. 24.10. UND SA. 25.10.",
            "productHash": "hofer_marktplatz_paprika_mix500_gvegetables",
            "offerEndDate": "2025-10-30",
            "offerStartDate": "2025-10-30",
            "currentPriceNumeric": 1.99,
            "oldPriceNumeric": 2.99,
            "storeName": "HOFER"
        },
        {
            "productName": "Zurück zum Ursprung Bio-Suppengemüse",
            "category": "Vegetables",
            "currentPrice": "1,24€",
            "oldPrice": "2,49€",
            "packageSize": "500 g",
            "unitPrice": "2,48€/kg",
            "discount": "-50%",
            "availabilityDateRange": "FR. 24.10. UND SA. 25.10.",
            "productHash": "zurück_zum_ursprung_bio_suppengemüse500_gvegetables",
            "offerEndDate": "2025-10-30",
            "offerStartDate": "2025-10-30",
            "currentPriceNumeric": 1.24,
            "oldPriceNumeric": 2.49,
            "storeName": "HOFER"
        },
        {
            "productName": "Hofer Marktplatz Himbeeren",
            "category": "Fruits",
            "currentPrice": "2,99€",
            "oldPrice": "3,99€",
            "packageSize": "200 g",
            "unitPrice": "14,95€/kg",
            "discount": "-25%",
            "availabilityDateRange": "FR. 24.10. UND SA. 25.10.",
            "productHash": "hofer_marktplatz_himbeeren200_gfruits",
            "offerEndDate": "2025-10-30",
            "offerStartDate": "2025-10-30",
            "currentPriceNumeric": 2.99,
            "oldPriceNumeric": 3.99,
            "storeName": "HOFER"
        },
        {
            "productName": "Hofer Marktplatz Kaki",
            "category": "Fruits",
            "currentPrice": "1,79€",
            "oldPrice": "2,49€",
            "packageSize": "1 kg",
            "unitPrice": "N/A",
            "discount": "-28%",
            "availabilityDateRange": "FR. 24.10. UND SA. 25.10.",
            "productHash": "hofer_marktplatz_kaki1_kgfruits",
            "offerEndDate": "2025-10-30",
            "offerStartDate": "2025-10-30",
            "currentPriceNumeric": 1.79,
            "oldPriceNumeric": 2.49,
            "storeName": "HOFER"
        },
        {
            "productName": "XXL Hendlbrustfilet",
            "category": "Meat & Poultry",
            "currentPrice": "7,49€",
            "oldPrice": "N/A",
            "packageSize": "1 kg",
            "unitPrice": "N/A",
            "discount": "N/A",
            "availabilityDateRange": "FR. 24.10. UND SA. 25.10.",
            "productHash": "xxl_hendlbrustfilet1_kgmeat_poultry",
            "offerEndDate": "2025-10-30",
            "offerStartDate": "2025-10-30",
            "currentPriceNumeric": 7.49,
            "oldPriceNumeric": null,
            "storeName": "HOFER"
        },
        {
            "productName": "Fairhof Schweinesteaks",
            "category": "Meat & Poultry",
            "currentPrice": "3,99€",
            "oldPrice": "5,68€",
            "packageSize": "z.B. 444 g",
            "unitPrice": "8,99€/kg",
            "discount": "-29%",
            "availabilityDateRange": "FR. 24.10. UND SA. 25.10.",
            "productHash": "fairhof_schweinesteakszb_444_gmeat_poultry",
            "offerEndDate": "2025-10-30",
            "offerStartDate": "2025-10-30",
            "currentPriceNumeric": 3.99,
            "oldPriceNumeric": 5.68,
            "storeName": "HOFER"
        },
        {
            "productName": "Genuss 100% aus Österreich Schinkenaufschnitt",
            "category": "Meat & Poultry",
            "currentPrice": "3,99€",
            "oldPrice": "N/A",
            "packageSize": "400 g",
            "unitPrice": "1,00€/100 g",
            "discount": "N/A",
            "availabilityDateRange": "FR. 24.10. UND SA. 25.10.",
            "productHash": "genuss_100_aus_österreich_schinkenaufschnitt400_gmeat_poultr",
            "offerEndDate": "2025-10-30",
            "offerStartDate": "2025-10-30",
            "currentPriceNumeric": 3.99,
            "oldPriceNumeric": null,
            "storeName": "HOFER"
        },
        {
            "productName": "Amare Seafood ASC Cocktail Shrimps",
            "category": "Seafood",
            "currentPrice": "5,49€",
            "oldPrice": "N/A",
            "packageSize": "250 g",
            "unitPrice": "21,96€/kg",
            "discount": "N/A",
            "availabilityDateRange": "FR. 24.10. UND SA. 25.10.",
            "productHash": "amare_seafood_asc_cocktail_shrimps250_gseafood",
            "offerEndDate": "2025-10-30",
            "offerStartDate": "2025-10-30",
            "currentPriceNumeric": 5.49,
            "oldPriceNumeric": null,
            "storeName": "HOFER"
        },
        {
            "productName": "Ankermüller Speck-Variation",
            "category": "Meat & Poultry",
            "currentPrice": "1,99€",
            "oldPrice": "2,89€",
            "packageSize": "100/150 g",
            "unitPrice": "1,99€/100 g",
            "discount": "-31%",
            "availabilityDateRange": "FR. 24.10. UND SA. 25.10.",
            "productHash": "ankermüller_speck_variation100150_gmeat_poultry",
            "offerEndDate": "2025-10-30",
            "offerStartDate": "2025-10-30",
            "currentPriceNumeric": 1.99,
            "oldPriceNumeric": 2.89,
            "storeName": "HOFER"
        },
        {
            "productName": "Zurück zum Ursprung Bio-Kornspitz",
            "category": "Baked Goods",
            "currentPrice": "0,49€",
            "oldPrice": "0,69€",
            "packageSize": "N/A",
            "unitPrice": "N/A",
            "discount": "-29%",
            "availabilityDateRange": "FR. 24.10. UND SA. 25.10.",
            "productHash": "zurück_zum_ursprung_bio_kornspitznabaked_goods",
            "offerEndDate": "2025-10-30",
            "offerStartDate": "2025-10-30",
            "currentPriceNumeric": 0.49,
            "oldPriceNumeric": 0.69,
            "storeName": "HOFER"
        },
        {
            "productName": "Milsani Speisetopfen",
            "category": "Dairy",
            "currentPrice": "0,79€",
            "oldPrice": "1,19€",
            "packageSize": "250 g",
            "unitPrice": "3,16€/kg",
            "discount": "-33%",
            "availabilityDateRange": "FR. 24.10. UND SA. 25.10.",
            "productHash": "milsani_speisetopfen250_gdairy",
            "offerEndDate": "2025-10-30",
            "offerStartDate": "2025-10-30",
            "currentPriceNumeric": 0.79,
            "oldPriceNumeric": 1.19,
            "storeName": "HOFER"
        },
        {
            "productName": "Milsani Gouda Scheiben",
            "category": "Dairy",
            "currentPrice": "1,39€",
            "oldPrice": "2,34€",
            "packageSize": "250 g",
            "unitPrice": "0,56€/100 g",
            "discount": "-37%",
            "availabilityDateRange": "FR. 24.10. UND SA. 25.10.",
            "productHash": "milsani_gouda_scheiben250_gdairy",
            "offerEndDate": "2025-10-30",
            "offerStartDate": "2025-10-30",
            "currentPriceNumeric": 1.39,
            "oldPriceNumeric": 2.34,
            "storeName": "HOFER"
        },
        {
            "productName": "Milsani Back-Camembert",
            "category": "Dairy",
            "currentPrice": "1,59€",
            "oldPrice": "2,79€",
            "packageSize": "350 g",
            "unitPrice": "0,45€/100 g",
            "discount": "-43%",
            "availabilityDateRange": "FR. 24.10. UND SA. 25.10.",
            "productHash": "milsani_back_camembert350_gdairy",
            "offerEndDate": "2025-10-30",
            "offerStartDate": "2025-10-30",
            "currentPriceNumeric": 1.59,
            "oldPriceNumeric": 2.79,
            "storeName": "HOFER"
        },
        {
            "productName": "Milsani Haltbare Milch 0,5%",
            "category": "Dairy",
            "currentPrice": "0,74€",
            "oldPrice": "0,99€",
            "packageSize": "1 l",
            "unitPrice": "N/A",
            "discount": "9+3 Gratis",
            "availabilityDateRange": "FR. 24.10. UND SA. 25.10.",
            "productHash": "milsani_haltbare_milch_051_ldairy",
            "offerEndDate": "2025-10-30",
            "offerStartDate": "2025-10-30",
            "currentPriceNumeric": 0.74,
            "oldPriceNumeric": 0.99,
            "storeName": "HOFER"
        },
        {
            "productName": "Stiegl Goldbräu Dose",
            "category": "Beer",
            "currentPrice": "0,77€",
            "oldPrice": "N/A",
            "packageSize": "0,5 l",
            "unitPrice": "N/A",
            "discount": "N/A",
            "availabilityDateRange": "FR. 24.10. UND SA. 25.10.",
            "productHash": "stiegl_goldbräu_dose05_lbeer",
            "offerEndDate": "2025-10-30",
            "offerStartDate": "2025-10-30",
            "currentPriceNumeric": 0.77,
            "oldPriceNumeric": null,
            "storeName": "HOFER"
        },
        {
            "productName": "Stiegl Zitronenradler Naturtrüb",
            "category": "Beer",
            "currentPrice": "0,64€",
            "oldPrice": "1,29€",
            "packageSize": "0,33 l",
            "unitPrice": "0,97€/Liter",
            "discount": "-50%",
            "availabilityDateRange": "FR. 24.10. UND SA. 25.10.",
            "productHash": "stiegl_zitronenradler_naturtrüb033_lbeer",
            "offerEndDate": "2025-10-30",
            "offerStartDate": "2025-10-30",
            "currentPriceNumeric": 0.64,
            "oldPriceNumeric": 1.29,
            "storeName": "HOFER"
        },
        {
            "productName": "Stiegl Goldbräu Flasche (0.33l)",
            "category": "Beer",
            "currentPrice": "0,64€",
            "oldPrice": "N/A",
            "packageSize": "0,33 l",
            "unitPrice": "0,97€/Liter",
            "discount": "N/A",
            "availabilityDateRange": "FR. 24.10. UND SA. 25.10.",
            "productHash": "stiegl_goldbräu_flasche_033l033_lbeer",
            "offerEndDate": "2025-10-30",
            "offerStartDate": "2025-10-30",
            "currentPriceNumeric": 0.64,
            "oldPriceNumeric": null,
            "storeName": "HOFER"
        },
        {
            "productName": "Bellasan Sonnen-Blumenöl",
            "category": "Cooking Oil",
            "currentPrice": "1,49€",
            "oldPrice": "1,99€",
            "packageSize": "1 l",
            "unitPrice": "1,49€/Liter",
            "discount": "-25%",
            "availabilityDateRange": "FR. 24.10. UND SA. 25.10.",
            "productHash": "bellasan_sonnen_blumenöl1_lcooking_oil",
            "offerEndDate": "2025-10-30",
            "offerStartDate": "2025-10-30",
            "currentPriceNumeric": 1.49,
            "oldPriceNumeric": 1.99,
            "storeName": "HOFER"
        },
        {
            "productName": "Hot Dog",
            "category": "Meat & Poultry",
            "currentPrice": "2,49€",
            "oldPrice": "2,99€",
            "packageSize": "N/A",
            "unitPrice": "8,89€/kg",
            "discount": "N/A",
            "availabilityDateRange": "FR. 24.10. UND SA. 25.10.",
            "productHash": "hot_dognameat_poultry",
            "offerEndDate": "2025-10-30",
            "offerStartDate": "2025-10-30",
            "currentPriceNumeric": 2.49,
            "oldPriceNumeric": 2.99,
            "storeName": "HOFER"
        },
        {
            "productName": "Good Choice Lasagne",
            "category": "Ready Meals",
            "currentPrice": "2,49€",
            "oldPrice": "3,99€",
            "packageSize": "1 kg",
            "unitPrice": "N/A",
            "discount": "-37%",
            "availabilityDateRange": "FR. 24.10. UND SA. 25.10.",
            "productHash": "good_choice_lasagne1_kgready_meals",
            "offerEndDate": "2025-10-30",
            "offerStartDate": "2025-10-30",
            "currentPriceNumeric": 2.49,
            "oldPriceNumeric": 3.99,
            "storeName": "HOFER"
        },
        {
            "productName": "All Seasons Himbeeren tiefgekühlt",
            "category": "Frozen Fruits",
            "currentPrice": "2,49€",
            "oldPrice": "3,49€",
            "packageSize": "500 g",
            "unitPrice": "4,98€/kg",
            "discount": "-29%",
            "availabilityDateRange": "FR. 24.10. UND SA. 25.10.",
            "productHash": "all_seasons_himbeeren_tiefgekühlt500_gfrozen_fruits",
            "offerEndDate": "2025-10-30",
            "offerStartDate": "2025-10-30",
            "currentPriceNumeric": 2.49,
            "oldPriceNumeric": 3.49,
            "storeName": "HOFER"
        },
        {
            "productName": "Dr. Oetker Pudding Mix",
            "category": "Desserts",
            "currentPrice": "0,79€",
            "oldPrice": "1,19€",
            "packageSize": "148 g/135 g",
            "unitPrice": "0,80/0,88€/100 g",
            "discount": "-33%",
            "availabilityDateRange": "FR. 24.10. UND SA. 25.10.",
            "productHash": "dr_oetker_pudding_mix148_g135_gdesserts",
            "offerEndDate": "2025-10-30",
            "offerStartDate": "2025-10-30",
            "currentPriceNumeric": 0.79,
            "oldPriceNumeric": 1.19,
            "storeName": "HOFER"
        },
        {
            "productName": "Dr. Oetker Germ",
            "category": "Baking Ingredients",
            "currentPrice": "0,59€",
            "oldPrice": "0,99€",
            "packageSize": "3 Stk.",
            "unitPrice": "N/A",
            "discount": "-40%",
            "availabilityDateRange": "FR. 24.10. UND SA. 25.10.",
            "productHash": "dr_oetker_germ3_stkbaking_ingredients",
            "offerEndDate": "2025-10-30",
            "offerStartDate": "2025-10-30",
            "currentPriceNumeric": 0.59,
            "oldPriceNumeric": 0.99,
            "storeName": "HOFER"
        },
        {
            "productName": "Dragée Kekse",
            "category": "Biscuits",
            "currentPrice": "1,99€",
            "oldPrice": "2,99€",
            "packageSize": "165 g",
            "unitPrice": "1,21€/100 g",
            "discount": "-33%",
            "availabilityDateRange": "FR. 24.10. UND SA. 25.10.",
            "productHash": "dragée_kekse165_gbiscuits",
            "offerEndDate": "2025-10-30",
            "offerStartDate": "2025-10-30",
            "currentPriceNumeric": 1.99,
            "oldPriceNumeric": 2.99,
            "storeName": "HOFER"
        },
        {
            "productName": "Finish Geschirrspülcaps",
            "category": "Cleaning Supplies",
            "currentPrice": "7,69€",
            "oldPrice": "10,49€",
            "packageSize": "50/45/40 Tabs",
            "unitPrice": "0,18/0,19/0,21€/Tab",
            "discount": "-26%",
            "availabilityDateRange": "FR. 24.10. UND SA. 25.10.",
            "productHash": "finish_geschirrspülcaps504540_tabscleaning_supplies",
            "offerEndDate": "2025-10-30",
            "offerStartDate": "2025-10-30",
            "currentPriceNumeric": 7.69,
            "oldPriceNumeric": 10.49,
            "storeName": "HOFER"
        },
        {
            "productName": "Bio Vanille-Extrakt",
            "category": "Baking Ingredients",
            "currentPrice": "2,99€",
            "oldPrice": "N/A",
            "packageSize": "50 ml",
            "unitPrice": "5,98€/100 ml",
            "discount": "N/A",
            "availabilityDateRange": "AB FR. 24.10.",
            "productHash": "bio_vanille_extrakt50_mlbaking_ingredients",
            "offerEndDate": "2025-10-30",
            "offerStartDate": "2025-10-30",
            "currentPriceNumeric": 2.99,
            "oldPriceNumeric": null,
            "storeName": "HOFER"
        },
        {
            "productName": "Bio Zitronen-/Orangenschale",
            "category": "Baking Ingredients",
            "currentPrice": "0,89€",
            "oldPrice": "N/A",
            "packageSize": "10 g",
            "unitPrice": "8,90€/100 g",
            "discount": "N/A",
            "availabilityDateRange": "AB FR. 24.10.",
            "productHash": "bio_zitronen_orangenschale10_gbaking_ingredients",
            "offerEndDate": "2025-10-30",
            "offerStartDate": "2025-10-30",
            "currentPriceNumeric": 0.89,
            "oldPriceNumeric": null,
            "storeName": "HOFER"
        },
        {
            "productName": "Haas Bio-Backoblaten",
            "category": "Baking Ingredients",
            "currentPrice": "0,99€",
            "oldPrice": "1,19€",
            "packageSize": "25 g",
            "unitPrice": "4,30€/100 g",
            "discount": "N/A",
            "availabilityDateRange": "AB FR. 24.10.",
            "productHash": "haas_bio_backoblaten25_gbaking_ingredients",
            "offerEndDate": "2025-10-30",
            "offerStartDate": "2025-10-30",
            "currentPriceNumeric": 0.99,
            "oldPriceNumeric": 1.19,
            "storeName": "HOFER"
        },
        {
            "productName": "Bells Kandierte Früchte",
            "category": "Baking Ingredients",
            "currentPrice": "0,79€",
            "oldPrice": "N/A",
            "packageSize": "100 g",
            "unitPrice": "7,90€/kg",
            "discount": "N/A",
            "availabilityDateRange": "AB FR. 24.10.",
            "productHash": "bells_kandierte_früchte100_gbaking_ingredients",
            "offerEndDate": "2025-10-30",
            "offerStartDate": "2025-10-30",
            "currentPriceNumeric": 0.79,
            "oldPriceNumeric": null,
            "storeName": "HOFER"
        },
        {
            "productName": "Happy Harvest XXL Walnusskerne",
            "category": "Nuts",
            "currentPrice": "6,99€",
            "oldPrice": "N/A",
            "packageSize": "500 g",
            "unitPrice": "13,98€/kg",
            "discount": "N/A",
            "availabilityDateRange": "AB FR. 24.10.",
            "productHash": "happy_harvest_xxl_walnusskerne500_gnuts",
            "offerEndDate": "2025-10-30",
            "offerStartDate": "2025-10-30",
            "currentPriceNumeric": 6.99,
            "oldPriceNumeric": null,
            "storeName": "HOFER"
        },
        {
            "productName": "Bella XXL Mandeln Natur gemahlen",
            "category": "Nuts",
            "currentPrice": "4,99€",
            "oldPrice": "N/A",
            "packageSize": "500 g",
            "unitPrice": "9,98€/kg",
            "discount": "N/A",
            "availabilityDateRange": "AB FR. 24.10.",
            "productHash": "bella_xxl_mandeln_natur_gemahlen500_gnuts",
            "offerEndDate": "2025-10-30",
            "offerStartDate": "2025-10-30",
            "currentPriceNumeric": 4.99,
            "oldPriceNumeric": null,
            "storeName": "HOFER"
        },
        {
            "productName": "Bella XXL Mandeln gemahlen",
            "category": "Nuts",
            "currentPrice": "4,98€",
            "oldPrice": "N/A",
            "packageSize": "500 g",
            "unitPrice": "9,96€/kg",
            "discount": "N/A",
            "availabilityDateRange": "AB FR. 24.10.",
            "productHash": "bella_xxl_mandeln_gemahlen500_gnuts",
            "offerEndDate": "2025-10-30",
            "offerStartDate": "2025-10-30",
            "currentPriceNumeric": 4.98,
            "oldPriceNumeric": null,
            "storeName": "HOFER"
        },
        {
            "productName": "Happy Harvest XXL Haselnüsse gemahlen",
            "category": "Nuts",
            "currentPrice": "6,99€",
            "oldPrice": "N/A",
            "packageSize": "500 g",
            "unitPrice": "13,98€/kg",
            "discount": "N/A",
            "availabilityDateRange": "AB FR. 24.10.",
            "productHash": "happy_harvest_xxl_haselnüsse_gemahlen500_gnuts",
            "offerEndDate": "2025-10-30",
            "offerStartDate": "2025-10-30",
            "currentPriceNumeric": 6.99,
            "oldPriceNumeric": null,
            "storeName": "HOFER"
        },
        {
            "productName": "Finest Bakery Backkuchen",
            "category": "Baked Goods",
            "currentPrice": "5,99€",
            "oldPrice": "N/A",
            "packageSize": "z.B. 530 g",
            "unitPrice": "4,79€/kg",
            "discount": "N/A",
            "availabilityDateRange": "AB FR. 24.10.",
            "productHash": "finest_bakery_backkuchenzb_530_gbaked_goods",
            "offerEndDate": "2025-10-30",
            "offerStartDate": "2025-10-30",
            "currentPriceNumeric": 5.99,
            "oldPriceNumeric": null,
            "storeName": "HOFER"
        },
        {
            "productName": "Goldland Eier aus Bodenhaltung",
            "category": "Eggs",
            "currentPrice": "3,99€",
            "oldPrice": "N/A",
            "packageSize": "18 Stk.",
            "unitPrice": "0,22€/Stück",
            "discount": "3 Stk. gratis",
            "availabilityDateRange": "AB FR. 24.10.",
            "productHash": "goldland_eier_aus_bodenhaltung18_stkeggs",
            "offerEndDate": "2025-10-30",
            "offerStartDate": "2025-10-30",
            "currentPriceNumeric": 3.99,
            "oldPriceNumeric": null,
            "storeName": "HOFER"
        },
        {
            "productName": "Thea Würfel",
            "category": "Dairy",
            "currentPrice": "0,99€",
            "oldPrice": "1,29€",
            "packageSize": "250 g",
            "unitPrice": "0,40€/100 g",
            "discount": "N/A",
            "availabilityDateRange": "AB FR. 24.10.",
            "productHash": "thea_würfel250_gdairy",
            "offerEndDate": "2025-10-30",
            "offerStartDate": "2025-10-30",
            "currentPriceNumeric": 0.99,
            "oldPriceNumeric": 1.29,
            "storeName": "HOFER"
        },
        {
            "productName": "Cucina Savoiardi Sardi",
            "category": "Baked Goods",
            "currentPrice": "2,49€",
            "oldPrice": "N/A",
            "packageSize": "350 g",
            "unitPrice": "0,71€/100 g",
            "discount": "N/A",
            "availabilityDateRange": "AB FR. 24.10.",
            "productHash": "cucina_savoiardi_sardi350_gbaked_goods",
            "offerEndDate": "2025-10-30",
            "offerStartDate": "2025-10-30",
            "currentPriceNumeric": 2.49,
            "oldPriceNumeric": null,
            "storeName": "HOFER"
        },
        {
            "productName": "Back Family Brownie Weihnachtsbaum",
            "category": "Baking Mixes",
            "currentPrice": "1,29€",
            "oldPrice": "N/A",
            "packageSize": "N/A",
            "unitPrice": "N/A",
            "discount": "N/A",
            "availabilityDateRange": "AB FR. 24.10.",
            "productHash": "back_family_brownie_weihnachtsbaumnabaking_mixes",
            "offerEndDate": "2025-10-30",
            "offerStartDate": "2025-10-30",
            "currentPriceNumeric": 1.29,
            "oldPriceNumeric": null,
            "storeName": "HOFER"
        },
        {
            "productName": "Back Family Glimmer Puder",
            "category": "Baking Decorations",
            "currentPrice": "1,29€",
            "oldPrice": "N/A",
            "packageSize": "5 g",
            "unitPrice": "N/A",
            "discount": "N/A",
            "availabilityDateRange": "AB FR. 24.10.",
            "productHash": "back_family_glimmer_puder5_gbaking_decorations",
            "offerEndDate": "2025-10-30",
            "offerStartDate": "2025-10-30",
            "currentPriceNumeric": 1.29,
            "oldPriceNumeric": null,
            "storeName": "HOFER"
        },
        {
            "productName": "Back Family Mini Marshmallows",
            "category": "Baking Decorations",
            "currentPrice": "1,29€",
            "oldPrice": "N/A",
            "packageSize": "70 g",
            "unitPrice": "N/A",
            "discount": "N/A",
            "availabilityDateRange": "AB FR. 24.10.",
            "productHash": "back_family_mini_marshmallows70_gbaking_decorations",
            "offerEndDate": "2025-10-30",
            "offerStartDate": "2025-10-30",
            "currentPriceNumeric": 1.29,
            "oldPriceNumeric": null,
            "storeName": "HOFER"
        },
        {
            "productName": "Feine Marzipan Sterne",
            "category": "Baking Decorations",
            "currentPrice": "1,29€",
            "oldPrice": "N/A",
            "packageSize": "60 g",
            "unitPrice": "N/A",
            "discount": "N/A",
            "availabilityDateRange": "AB FR. 24.10.",
            "productHash": "feine_marzipan_sterne60_gbaking_decorations",
            "offerEndDate": "2025-10-30",
            "offerStartDate": "2025-10-30",
            "currentPriceNumeric": 1.29,
            "oldPriceNumeric": null,
            "storeName": "HOFER"
        },
        {
            "productName": "Fini's Feinstes Weizenmehl Universal",
            "category": "Baking Ingredients",
            "currentPrice": "1,89€",
            "oldPrice": "N/A",
            "packageSize": "1,2 kg",
            "unitPrice": "1,58€/kg",
            "discount": "N/A",
            "availabilityDateRange": "AB FR. 24.10.",
            "productHash": "finis_feinstes_weizenmehl_universal12_kgbaking_ingredients",
            "offerEndDate": "2025-10-30",
            "offerStartDate": "2025-10-30",
            "currentPriceNumeric": 1.89,
            "oldPriceNumeric": null,
            "storeName": "HOFER"
        },
        {
            "productName": "Back Family Kuchenglasur",
            "category": "Baking Decorations",
            "currentPrice": "1,99€",
            "oldPrice": "N/A",
            "packageSize": "200 g",
            "unitPrice": "9,95€/kg",
            "discount": "N/A",
            "availabilityDateRange": "AB FR. 24.10.",
            "productHash": "back_family_kuchenglasur200_gbaking_decorations",
            "offerEndDate": "2025-10-30",
            "offerStartDate": "2025-10-30",
            "currentPriceNumeric": 1.99,
            "oldPriceNumeric": null,
            "storeName": "HOFER"
        },
        {
            "productName": "Back Family Raspelschokolade",
            "category": "Baking Decorations",
            "currentPrice": "1,69€",
            "oldPrice": "N/A",
            "packageSize": "100 g",
            "unitPrice": "1,69€/100 g",
            "discount": "N/A",
            "availabilityDateRange": "AB FR. 24.10.",
            "productHash": "back_family_raspelschokolade100_gbaking_decorations",
            "offerEndDate": "2025-10-30",
            "offerStartDate": "2025-10-30",
            "currentPriceNumeric": 1.69,
            "oldPriceNumeric": null,
            "storeName": "HOFER"
        },
        {
            "productName": "Back Family Backdekor",
            "category": "Baking Decorations",
            "currentPrice": "1,99€",
            "oldPrice": "N/A",
            "packageSize": "z.B. 29 g",
            "unitPrice": "N/A",
            "discount": "N/A",
            "availabilityDateRange": "AB FR. 24.10.",
            "productHash": "back_family_backdekorzb_29_gbaking_decorations",
            "offerEndDate": "2025-10-30",
            "offerStartDate": "2025-10-30",
            "currentPriceNumeric": 1.99,
            "oldPriceNumeric": null,
            "storeName": "HOFER"
        },
        {
            "productName": "Back Family Sternchen Mix/Karamell Chunks",
            "category": "Baking Decorations",
            "currentPrice": "1,99€",
            "oldPrice": "N/A",
            "packageSize": "100 g",
            "unitPrice": "1,99€/100 g",
            "discount": "N/A",
            "availabilityDateRange": "AB FR. 24.10.",
            "productHash": "back_family_sternchen_mixkaramell_chunks100_gbaking_decorati",
            "offerEndDate": "2025-10-30",
            "offerStartDate": "2025-10-30",
            "currentPriceNumeric": 1.99,
            "oldPriceNumeric": null,
            "storeName": "HOFER"
        },
        {
            "productName": "Haas Waffelböden",
            "category": "Baking Ingredients",
            "currentPrice": "2,19€",
            "oldPrice": "N/A",
            "packageSize": "160 g",
            "unitPrice": "13,69€/kg",
            "discount": "N/A",
            "availabilityDateRange": "AB FR. 24.10.",
            "productHash": "haas_waffelböden160_gbaking_ingredients",
            "offerEndDate": "2025-10-30",
            "offerStartDate": "2025-10-30",
            "currentPriceNumeric": 2.19,
            "oldPriceNumeric": null,
            "storeName": "HOFER"
        },
        {
            "productName": "Haas Nougatcreme in der Tube",
            "category": "Baking Ingredients",
            "currentPrice": "3,99€",
            "oldPrice": "N/A",
            "packageSize": "350 g",
            "unitPrice": "11,40€/kg",
            "discount": "N/A",
            "availabilityDateRange": "AB FR. 24.10.",
            "productHash": "haas_nougatcreme_in_der_tube350_gbaking_ingredients",
            "offerEndDate": "2025-10-30",
            "offerStartDate": "2025-10-30",
            "currentPriceNumeric": 3.99,
            "oldPriceNumeric": null,
            "storeName": "HOFER"
        },
        {
            "productName": "Bon-Ri Express Rice Flavoured",
            "category": "Rice",
            "currentPrice": "1,49€",
            "oldPrice": "N/A",
            "packageSize": "250 g",
            "unitPrice": "5,96€/kg",
            "discount": "N/A",
            "availabilityDateRange": "AB FR. 24.10.",
            "productHash": "bon_ri_express_rice_flavoured250_grice",
            "offerEndDate": "2025-10-30",
            "offerStartDate": "2025-10-30",
            "currentPriceNumeric": 1.49,
            "oldPriceNumeric": null,
            "storeName": "HOFER"
        },
        {
            "productName": "Bon-Ri Basmati Reis im Kochbeutel",
            "category": "Rice",
            "currentPrice": "2,89€",
            "oldPrice": "N/A",
            "packageSize": "500 g (4 x 125 g)",
            "unitPrice": "5,78€/kg",
            "discount": "N/A",
            "availabilityDateRange": "AB FR. 24.10.",
            "productHash": "bon_ri_basmati_reis_im_kochbeutel500_g_4_x_125_grice",
            "offerEndDate": "2025-10-30",
            "offerStartDate": "2025-10-30",
            "currentPriceNumeric": 2.89,
            "oldPriceNumeric": null,
            "storeName": "HOFER"
        },
        {
            "productName": "MyVay Glutenfreie Teigwaren",
            "category": "Pasta",
            "currentPrice": "1,79€",
            "oldPrice": "N/A",
            "packageSize": "500 g",
            "unitPrice": "3,58€/kg",
            "discount": "N/A",
            "availabilityDateRange": "AB FR. 24.10.",
            "productHash": "myvay_glutenfreie_teigwaren500_gpasta",
            "offerEndDate": "2025-10-30",
            "offerStartDate": "2025-10-30",
            "currentPriceNumeric": 1.79,
            "oldPriceNumeric": null,
            "storeName": "HOFER"
        },
        {
            "productName": "Felix Vegan Bolognese",
            "category": "Vegan Ready Meals",
            "currentPrice": "3,49€",
            "oldPrice": "4,79€",
            "packageSize": "580 g",
            "unitPrice": "6,02€/kg",
            "discount": "N/A",
            "availabilityDateRange": "AB FR. 24.10.",
            "productHash": "felix_vegan_bolognese580_gvegan_ready_meals",
            "offerEndDate": "2025-10-30",
            "offerStartDate": "2025-10-30",
            "currentPriceNumeric": 3.49,
            "oldPriceNumeric": 4.79,
            "storeName": "HOFER"
        },
        {
            "productName": "MyVay Veganes Faschiertes",
            "category": "Vegan Meat Alternatives",
            "currentPrice": "3,29€",
            "oldPrice": "N/A",
            "packageSize": "380 g",
            "unitPrice": "8,66€/kg",
            "discount": "N/A",
            "availabilityDateRange": "AB FR. 24.10.",
            "productHash": "myvay_veganes_faschiertes380_gvegan_meat_alternatives",
            "offerEndDate": "2025-10-30",
            "offerStartDate": "2025-10-30",
            "currentPriceNumeric": 3.29,
            "oldPriceNumeric": null,
            "storeName": "HOFER"
        },
        {
            "productName": "Bio Vegane Orient-/Thaigerichte",
            "category": "Vegan Ready Meals",
            "currentPrice": "2,49€",
            "oldPrice": "N/A",
            "packageSize": "250 g",
            "unitPrice": "9,96€/kg",
            "discount": "N/A",
            "availabilityDateRange": "AB FR. 24.10.",
            "productHash": "bio_vegane_orient_thaigerichte250_gvegan_ready_meals",
            "offerEndDate": "2025-10-30",
            "offerStartDate": "2025-10-30",
            "currentPriceNumeric": 2.49,
            "oldPriceNumeric": null,
            "storeName": "HOFER"
        },
        {
            "productName": "Just Taste Bio-Gemüse Pasta",
            "category": "Pasta",
            "currentPrice": "1,99€",
            "oldPrice": "2,99€",
            "packageSize": "250 g",
            "unitPrice": "7,96€/kg",
            "discount": "-33%",
            "availabilityDateRange": "AB FR. 24.10.",
            "productHash": "just_taste_bio_gemüse_pasta250_gpasta",
            "offerEndDate": "2025-10-30",
            "offerStartDate": "2025-10-30",
            "currentPriceNumeric": 1.99,
            "oldPriceNumeric": 2.99,
            "storeName": "HOFER"
        },
        {
            "productName": "Primana Baked Beans in Tomatensauce",
            "category": "Canned Goods",
            "currentPrice": "0,99€",
            "oldPrice": "N/A",
            "packageSize": "420 g",
            "unitPrice": "2,36€/kg",
            "discount": "N/A",
            "availabilityDateRange": "AB FR. 24.10.",
            "productHash": "primana_baked_beans_in_tomatensauce420_gcanned_goods",
            "offerEndDate": "2025-10-30",
            "offerStartDate": "2025-10-30",
            "currentPriceNumeric": 0.99,
            "oldPriceNumeric": null,
            "storeName": "HOFER"
        },
        {
            "productName": "Bio Vegane Linsengerichte",
            "category": "Vegan Ready Meals",
            "currentPrice": "1,99€",
            "oldPrice": "N/A",
            "packageSize": "120 g / 130 g",
            "unitPrice": "15,31€/16,58€/kg",
            "discount": "N/A",
            "availabilityDateRange": "AB FR. 24.10.",
            "productHash": "bio_vegane_linsengerichte120_g_130_gvegan_ready_meals",
            "offerEndDate": "2025-10-30",
            "offerStartDate": "2025-10-30",
            "currentPriceNumeric": 1.99,
            "oldPriceNumeric": null,
            "storeName": "HOFER"
        },
        {
            "productName": "MyVay 5-Kalorien-Nudeln",
            "category": "Pasta",
            "currentPrice": "2,99€",
            "oldPrice": "N/A",
            "packageSize": "360 g",
            "unitPrice": "11,96€/kg Abtropfg.",
            "discount": "N/A",
            "availabilityDateRange": "AB FR. 24.10.",
            "productHash": "myvay_5_kalorien_nudeln360_gpasta",
            "offerEndDate": "2025-10-30",
            "offerStartDate": "2025-10-30",
            "currentPriceNumeric": 2.99,
            "oldPriceNumeric": null,
            "storeName": "HOFER"
        },
        {
            "productName": "Bio Quinoa Mix",
            "category": "Grains & Legumes",
            "currentPrice": "3,49€",
            "oldPrice": "N/A",
            "packageSize": "450 g",
            "unitPrice": "7,76€/kg",
            "discount": "N/A",
            "availabilityDateRange": "AB FR. 24.10.",
            "productHash": "bio_quinoa_mix450_ggrains_legumes",
            "offerEndDate": "2025-10-30",
            "offerStartDate": "2025-10-30",
            "currentPriceNumeric": 3.49,
            "oldPriceNumeric": null,
            "storeName": "HOFER"
        },
        {
            "productName": "Bio Sojafreie Veggie Chunks / Veggie Schnitzel",
            "category": "Vegan Meat Alternatives",
            "currentPrice": "2,39€",
            "oldPrice": "N/A",
            "packageSize": "150 g / 120 g",
            "unitPrice": "15,93€/19,12€/kg",
            "discount": "N/A",
            "availabilityDateRange": "AB FR. 24.10.",
            "productHash": "bio_sojafreie_veggie_chunks_veggie_schnitzel150_g_120_gvegan",
            "offerEndDate": "2025-10-30",
            "offerStartDate": "2025-10-30",
            "currentPriceNumeric": 2.39,
            "oldPriceNumeric": null,
            "storeName": "HOFER"
        },
        {
            "productName": "La Gusto Pilzspezialitäten getrocknet",
            "category": "Dried Goods",
            "currentPrice": "4,79€",
            "oldPrice": "N/A",
            "packageSize": "60 g / 100 g",
            "unitPrice": "4,79€/100 g",
            "discount": "N/A",
            "availabilityDateRange": "AB FR. 24.10.",
            "productHash": "la_gusto_pilzspezialitäten_getrocknet60_g_100_gdried_goods",
            "offerEndDate": "2025-10-30",
            "offerStartDate": "2025-10-30",
            "currentPriceNumeric": 4.79,
            "oldPriceNumeric": null,
            "storeName": "HOFER"
        },
        {
            "productName": "Alpro This Is Not Milk",
            "category": "Plant-based Milk",
            "currentPrice": "1,99€",
            "oldPrice": "N/A",
            "packageSize": "1 l",
            "unitPrice": "N/A",
            "discount": "N/A",
            "availabilityDateRange": "AB FR. 24.10.",
            "productHash": "alpro_this_is_not_milk1_lplant_based_milk",
            "offerEndDate": "2025-10-30",
            "offerStartDate": "2025-10-30",
            "currentPriceNumeric": 1.99,
            "oldPriceNumeric": null,
            "storeName": "HOFER"
        },
        {
            "productName": "Sweet Land Vegane Fruchtgummi",
            "category": "Sweets",
            "currentPrice": "1,15€",
            "oldPrice": "N/A",
            "packageSize": "180 g / 150 g",
            "unitPrice": "0,64€/0,77€/100 g",
            "discount": "N/A",
            "availabilityDateRange": "AB FR. 24.10.",
            "productHash": "sweet_land_vegane_fruchtgummi180_g_150_gsweets",
            "offerEndDate": "2025-10-30",
            "offerStartDate": "2025-10-30",
            "currentPriceNumeric": 1.15,
            "oldPriceNumeric": null,
            "storeName": "HOFER"
        },
        {
            "productName": "Trolli Vegan Mix",
            "category": "Sweets",
            "currentPrice": "1,69€",
            "oldPrice": "N/A",
            "packageSize": "200 g / 175 g",
            "unitPrice": "0,85€/0,97€/100 g",
            "discount": "N/A",
            "availabilityDateRange": "AB FR. 24.10.",
            "productHash": "trolli_vegan_mix200_g_175_gsweets",
            "offerEndDate": "2025-10-30",
            "offerStartDate": "2025-10-30",
            "currentPriceNumeric": 1.69,
            "oldPriceNumeric": null,
            "storeName": "HOFER"
        },
        {
            "productName": "Sweet Land Fruchtgummi Spass",
            "category": "Sweets",
            "currentPrice": "1,89€",
            "oldPrice": "N/A",
            "packageSize": "300 g / 275 g",
            "unitPrice": "0,63€/0,69€/100 g",
            "discount": "N/A",
            "availabilityDateRange": "AB FR. 24.10.",
            "productHash": "sweet_land_fruchtgummi_spass300_g_275_gsweets",
            "offerEndDate": "2025-10-30",
            "offerStartDate": "2025-10-30",
            "currentPriceNumeric": 1.89,
            "oldPriceNumeric": null,
            "storeName": "HOFER"
        },
        {
            "productName": "Alpro Sojadessert",
            "category": "Plant-based Desserts",
            "currentPrice": "1,99€",
            "oldPrice": "N/A",
            "packageSize": "4 x 125 g",
            "unitPrice": "3,98€/kg",
            "discount": "N/A",
            "availabilityDateRange": "AB FR. 24.10.",
            "productHash": "alpro_sojadessert4_x_125_gplant_based_desserts",
            "offerEndDate": "2025-10-30",
            "offerStartDate": "2025-10-30",
            "currentPriceNumeric": 1.99,
            "oldPriceNumeric": null,
            "storeName": "HOFER"
        },
        {
            "productName": "Moser Roth Vegane Schokolade",
            "category": "Chocolate",
            "currentPrice": "2,49€",
            "oldPrice": "N/A",
            "packageSize": "125 g",
            "unitPrice": "1,99€/100 g",
            "discount": "N/A",
            "availabilityDateRange": "AB FR. 24.10.",
            "productHash": "moser_roth_vegane_schokolade125_gchocolate",
            "offerEndDate": "2025-10-30",
            "offerStartDate": "2025-10-30",
            "currentPriceNumeric": 2.49,
            "oldPriceNumeric": null,
            "storeName": "HOFER"
        },
        {
            "productName": "Manner Neapolitaner Geschenkpackung",
            "category": "Sweets",
            "currentPrice": "5,99€",
            "oldPrice": "7,99€",
            "packageSize": "600 g / 1,350 g",
            "unitPrice": "N/A",
            "discount": "N/A",
            "availabilityDateRange": "AB FR. 24.10.",
            "productHash": "manner_neapolitaner_geschenkpackung600_g_1350_gsweets",
            "offerEndDate": "2025-10-30",
            "offerStartDate": "2025-10-30",
            "currentPriceNumeric": 5.99,
            "oldPriceNumeric": 7.99,
            "storeName": "HOFER"
        },
        {
            "productName": "Genuss 100% aus Österreich XXL Landjäger",
            "category": "Meat & Poultry",
            "currentPrice": "7,99€",
            "oldPrice": "N/A",
            "packageSize": "500 g",
            "unitPrice": "1,60€/100 g",
            "discount": "N/A",
            "availabilityDateRange": "AB FR. 24.10.",
            "productHash": "genuss_100_aus_österreich_xxl_landjäger500_gmeat_poultry",
            "offerEndDate": "2025-10-30",
            "offerStartDate": "2025-10-30",
            "currentPriceNumeric": 7.99,
            "oldPriceNumeric": null,
            "storeName": "HOFER"
        },
        {
            "productName": "Arlberger Broterl Almjause",
            "category": "Meat & Poultry",
            "currentPrice": "2,99€",
            "oldPrice": "N/A",
            "packageSize": "120 g",
            "unitPrice": "2,69€/100 g",
            "discount": "-28%",
            "availabilityDateRange": "AB FR. 24.10.",
            "productHash": "arlberger_broterl_almjause120_gmeat_poultry",
            "offerEndDate": "2025-10-30",
            "offerStartDate": "2025-10-30",
            "currentPriceNumeric": 2.99,
            "oldPriceNumeric": null,
            "storeName": "HOFER"
        },
        {
            "productName": "Bio Goro Fruchtgetränk",
            "category": "Juices",
            "currentPrice": "1,19€",
            "oldPrice": "N/A",
            "packageSize": "1,5 l",
            "unitPrice": "0,79€/Liter",
            "discount": "N/A",
            "availabilityDateRange": "AB FR. 24.10.",
            "productHash": "bio_goro_fruchtgetränk15_ljuices",
            "offerEndDate": "2025-10-30",
            "offerStartDate": "2025-10-30",
            "currentPriceNumeric": 1.19,
            "oldPriceNumeric": null,
            "storeName": "HOFER"
        },
        {
            "productName": "Red Bull Energy Drink",
            "category": "Soft Drinks",
            "currentPrice": "7,92€",
            "oldPrice": "12,72€",
            "packageSize": "8 x 250 ml",
            "unitPrice": "3,96€/Liter",
            "discount": "N/A",
            "availabilityDateRange": "AB FR. 24.10.",
            "productHash": "red_bull_energy_drink8_x_250_mlsoft_drinks",
            "offerEndDate": "2025-10-30",
            "offerStartDate": "2025-10-30",
            "currentPriceNumeric": 7.92,
            "oldPriceNumeric": 12.72,
            "storeName": "HOFER"
        },
        {
            "productName": "Gosling Spirituosen Haselnuss/Ribisel",
            "category": "Spirits",
            "currentPrice": "9,99€",
            "oldPrice": "N/A",
            "packageSize": "0,7 l",
            "unitPrice": "14,27€/Liter",
            "discount": "N/A",
            "availabilityDateRange": "AB FR. 24.10.",
            "productHash": "gosling_spirituosen_haselnussribisel07_lspirits",
            "offerEndDate": "2025-10-30",
            "offerStartDate": "2025-10-30",
            "currentPriceNumeric": 9.99,
            "oldPriceNumeric": null,
            "storeName": "HOFER"
        },
        {
            "productName": "Junger Steirer Rebsorten",
            "category": "Wine",
            "currentPrice": "5,49€",
            "oldPrice": "N/A",
            "packageSize": "0,75 l",
            "unitPrice": "7,32€/Liter",
            "discount": "N/A",
            "availabilityDateRange": "AB FR. 24.10.",
            "productHash": "junger_steirer_rebsorten075_lwine",
            "offerEndDate": "2025-10-30",
            "offerStartDate": "2025-10-30",
            "currentPriceNumeric": 5.49,
            "oldPriceNumeric": null,
            "storeName": "HOFER"
        },
        {
            "productName": "Zabel Kühltisch",
            "category": "Wine",
            "currentPrice": "4,49€",
            "oldPrice": "N/A",
            "packageSize": "0,75 l",
            "unitPrice": "5,99€/Liter",
            "discount": "N/A",
            "availabilityDateRange": "AB FR. 24.10.",
            "productHash": "zabel_kühltisch075_lwine",
            "offerEndDate": "2025-10-30",
            "offerStartDate": "2025-10-30",
            "currentPriceNumeric": 4.49,
            "oldPriceNumeric": null,
            "storeName": "HOFER"
        },
        {
            "productName": "Snack Fun Sticks mit Erdnussfüllung",
            "category": "Snacks",
            "currentPrice": "0,99€",
            "oldPrice": "1,29€",
            "packageSize": "150 g",
            "unitPrice": "0,66€/100 g",
            "discount": "-23%",
            "availabilityDateRange": "N/A",
            "productHash": "snack_fun_sticks_mit_erdnussfüllung150_gsnacks",
            "offerEndDate": "2025-10-30",
            "offerStartDate": "2025-10-30",
            "currentPriceNumeric": 0.99,
            "oldPriceNumeric": 1.29,
            "storeName": "HOFER"
        },
        {
            "productName": "Zurück zum Ursprung Bio-Hülsenfrüchte",
            "category": "Legumes",
            "currentPrice": "2,98€",
            "oldPrice": "3,49€",
            "packageSize": "600 g / 500 g",
            "unitPrice": "5,96€/6,97€/kg",
            "discount": "-14%",
            "availabilityDateRange": "N/A",
            "productHash": "zurück_zum_ursprung_bio_hülsenfrüchte600_g_500_glegumes",
            "offerEndDate": "2025-10-30",
            "offerStartDate": "2025-10-30",
            "currentPriceNumeric": 2.98,
            "oldPriceNumeric": 3.49,
            "storeName": "HOFER"
        },
        {
            "productName": "All Seasons Junge Erbsen",
            "category": "Frozen Vegetables",
            "currentPrice": "1,99€",
            "oldPrice": "2,29€",
            "packageSize": "1 kg",
            "unitPrice": "N/A",
            "discount": "-13%",
            "availabilityDateRange": "N/A",
            "productHash": "all_seasons_junge_erbsen1_kgfrozen_vegetables",
            "offerEndDate": "2025-10-30",
            "offerStartDate": "2025-10-30",
            "currentPriceNumeric": 1.99,
            "oldPriceNumeric": 2.29,
            "storeName": "HOFER"
        },
        {
            "productName": "Pfefferminztee 25 BTL",
            "category": "Tea",
            "currentPrice": "0,89€",
            "oldPrice": "0,99€",
            "packageSize": "25 BTL",
            "unitPrice": "15,89€/kg",
            "discount": "-10%",
            "availabilityDateRange": "N/A",
            "productHash": "pfefferminztee_25_btl25_btltea",
            "offerEndDate": "2025-10-30",
            "offerStartDate": "2025-10-30",
            "currentPriceNumeric": 0.89,
            "oldPriceNumeric": 0.99,
            "storeName": "HOFER"
        },
        {
            "productName": "Bio Honig im Dosispender",
            "category": "Honey",
            "currentPrice": "2,85€",
            "oldPrice": "3,49€",
            "packageSize": "340 g",
            "unitPrice": "8,38€/kg",
            "discount": "-18%",
            "availabilityDateRange": "N/A",
            "productHash": "bio_honig_im_dosispender340_ghoney",
            "offerEndDate": "2025-10-30",
            "offerStartDate": "2025-10-30",
            "currentPriceNumeric": 2.85,
            "oldPriceNumeric": 3.49,
            "storeName": "HOFER"
        },
        {
            "productName": "Hofer Marktplatz Premium Trauben rot kernlos",
            "category": "Fruits",
            "currentPrice": "3,49€",
            "oldPrice": "4,99€",
            "packageSize": "1 kg",
            "unitPrice": "N/A",
            "discount": "-30%",
            "availabilityDateRange": "MO. 27.10. BIS MI. 29.10.",
            "productHash": "hofer_marktplatz_premium_trauben_rot_kernlos1_kgfruits",
            "offerEndDate": "2025-10-30",
            "offerStartDate": "2025-10-30",
            "currentPriceNumeric": 3.49,
            "oldPriceNumeric": 4.99,
            "storeName": "HOFER"
        },
        {
            "productName": "Hofer Marktplatz Birnen „Xenia“",
            "category": "Fruits",
            "currentPrice": "1,64€",
            "oldPrice": "3,29€",
            "packageSize": "1 kg",
            "unitPrice": "N/A",
            "discount": "-50%",
            "availabilityDateRange": "MO. 27.10. BIS MI. 29.10.",
            "productHash": "hofer_marktplatz_birnen_xenia1_kgfruits",
            "offerEndDate": "2025-10-30",
            "offerStartDate": "2025-10-30",
            "currentPriceNumeric": 1.64,
            "oldPriceNumeric": 3.29,
            "storeName": "HOFER"
        },
        {
            "productName": "Hofer Marktplatz Rucolasalat",
            "category": "Vegetables",
            "currentPrice": "0,99€",
            "oldPrice": "1,49€",
            "packageSize": "125 g",
            "unitPrice": "7,92€/kg",
            "discount": "-33%",
            "availabilityDateRange": "MO. 27.10. BIS MI. 29.10.",
            "productHash": "hofer_marktplatz_rucolasalat125_gvegetables",
            "offerEndDate": "2025-10-30",
            "offerStartDate": "2025-10-30",
            "currentPriceNumeric": 0.99,
            "oldPriceNumeric": 1.49,
            "storeName": "HOFER"
        },
        {
            "productName": "Hofer Marktplatz Bio-Gurke",
            "category": "Vegetables",
            "currentPrice": "0,79€",
            "oldPrice": "1,19€",
            "packageSize": "N/A",
            "unitPrice": "N/A",
            "discount": "-33%",
            "availabilityDateRange": "MO. 27.10. BIS MI. 29.10.",
            "productHash": "hofer_marktplatz_bio_gurkenavegetables",
            "offerEndDate": "2025-10-30",
            "offerStartDate": "2025-10-30",
            "currentPriceNumeric": 0.79,
            "oldPriceNumeric": 1.19,
            "storeName": "HOFER"
        },
        {
            "productName": "Genuss 100% aus Österreich Kaiserschnitzel natur",
            "category": "Meat & Poultry",
            "currentPrice": "6,99€",
            "oldPrice": "9,98€",
            "packageSize": "per kg",
            "unitPrice": "N/A",
            "discount": "-30%",
            "availabilityDateRange": "MO. 27.10. BIS MI. 29.10.",
            "productHash": "genuss_100_aus_österreich_kaiserschnitzel_naturper_kgmeat_po",
            "offerEndDate": "2025-10-30",
            "offerStartDate": "2025-10-30",
            "currentPriceNumeric": 6.99,
            "oldPriceNumeric": 9.98,
            "storeName": "HOFER"
        },
        {
            "productName": "Genuss 100% aus Österreich Herbstkarree",
            "category": "Meat & Poultry",
            "currentPrice": "7,99€",
            "oldPrice": "N/A",
            "packageSize": "per kg",
            "unitPrice": "N/A",
            "discount": "N/A",
            "availabilityDateRange": "MO. 27.10. BIS MI. 29.10.",
            "productHash": "genuss_100_aus_österreich_herbstkarreeper_kgmeat_poultry",
            "offerEndDate": "2025-10-30",
            "offerStartDate": "2025-10-30",
            "currentPriceNumeric": 7.99,
            "oldPriceNumeric": null,
            "storeName": "HOFER"
        },
        {
            "productName": "XXL Grillwürstel",
            "category": "Meat & Poultry",
            "currentPrice": "5,99€",
            "oldPrice": "N/A",
            "packageSize": "800 g",
            "unitPrice": "0,75€/100 g",
            "discount": "N/A",
            "availabilityDateRange": "MO. 27.10. BIS MI. 29.10.",
            "productHash": "xxl_grillwürstel800_gmeat_poultry",
            "offerEndDate": "2025-10-30",
            "offerStartDate": "2025-10-30",
            "currentPriceNumeric": 5.99,
            "oldPriceNumeric": null,
            "storeName": "HOFER"
        },
        {
            "productName": "Golda Salmon Ofenflachs",
            "category": "Seafood",
            "currentPrice": "3,99€",
            "oldPrice": "5,99€",
            "packageSize": "250 g",
            "unitPrice": "15,96€/kg",
            "discount": "-33%",
            "availabilityDateRange": "MO. 27.10. BIS MI. 29.10.",
            "productHash": "golda_salmon_ofenflachs250_gseafood",
            "offerEndDate": "2025-10-30",
            "offerStartDate": "2025-10-30",
            "currentPriceNumeric": 3.99,
            "oldPriceNumeric": 5.99,
            "storeName": "HOFER"
        },
        {
            "productName": "Backbox Salz-/Knusperstangerl",
            "category": "Baked Goods",
            "currentPrice": "0,39€",
            "oldPrice": "0,59€",
            "packageSize": "N/A",
            "unitPrice": "N/A",
            "discount": "-33%",
            "availabilityDateRange": "MO. 27.10. BIS MI. 29.10.",
            "productHash": "backbox_salz_knusperstangerlnabaked_goods",
            "offerEndDate": "2025-10-30",
            "offerStartDate": "2025-10-30",
            "currentPriceNumeric": 0.39,
            "oldPriceNumeric": 0.59,
            "storeName": "HOFER"
        },
        {
            "productName": "Backbox Vollkornmuschel",
            "category": "Baked Goods",
            "currentPrice": "0,59€",
            "oldPrice": "N/A",
            "packageSize": "N/A",
            "unitPrice": "N/A",
            "discount": "N/A",
            "availabilityDateRange": "MO. 27.10. BIS MI. 29.10.",
            "productHash": "backbox_vollkornmuschelnabaked_goods",
            "offerEndDate": "2025-10-30",
            "offerStartDate": "2025-10-30",
            "currentPriceNumeric": 0.59,
            "oldPriceNumeric": null,
            "storeName": "HOFER"
        },
        {
            "productName": "Zurück zum Ursprung Bio-Käsevariation in Scheiben",
            "category": "Dairy",
            "currentPrice": "1,99€",
            "oldPrice": "2,99€",
            "packageSize": "175 g",
            "unitPrice": "1,14€/100 g",
            "discount": "-33%",
            "availabilityDateRange": "MO. 27.10. BIS MI. 29.10.",
            "productHash": "zurück_zum_ursprung_bio_käsevariation_in_scheiben175_gdairy",
            "offerEndDate": "2025-10-30",
            "offerStartDate": "2025-10-30",
            "currentPriceNumeric": 1.99,
            "oldPriceNumeric": 2.99,
            "storeName": "HOFER"
        },
        {
            "productName": "Barissimo Espresso/Crema",
            "category": "Coffee",
            "currentPrice": "8,99€",
            "oldPrice": "13,99€",
            "packageSize": "1 kg",
            "unitPrice": "N/A",
            "discount": "-35%",
            "availabilityDateRange": "MO. 27.10. BIS MI. 29.10.",
            "productHash": "barissimo_espressocrema1_kgcoffee",
            "offerEndDate": "2025-10-30",
            "offerStartDate": "2025-10-30",
            "currentPriceNumeric": 8.99,
            "oldPriceNumeric": 13.99,
            "storeName": "HOFER"
        },
        {
            "productName": "Oatly Haferdrink Barista",
            "category": "Plant-based Milk",
            "currentPrice": "1,69€",
            "oldPrice": "2,79€",
            "packageSize": "1 l",
            "unitPrice": "N/A",
            "discount": "-39%",
            "availabilityDateRange": "MO. 27.10. BIS MI. 29.10.",
            "productHash": "oatly_haferdrink_barista1_lplant_based_milk",
            "offerEndDate": "2025-10-30",
            "offerStartDate": "2025-10-30",
            "currentPriceNumeric": 1.69,
            "oldPriceNumeric": 2.79,
            "storeName": "HOFER"
        },
        {
            "productName": "Egger Märzen",
            "category": "Beer",
            "currentPrice": "0,57€",
            "oldPrice": "N/A",
            "packageSize": "0,5 l",
            "unitPrice": "N/A",
            "discount": "N/A",
            "availabilityDateRange": "MO. 27.10. BIS MI. 29.10.",
            "productHash": "egger_märzen05_lbeer",
            "offerEndDate": "2025-10-30",
            "offerStartDate": "2025-10-30",
            "currentPriceNumeric": 0.57,
            "oldPriceNumeric": null,
            "storeName": "HOFER"
        },
        {
            "productName": "Franz Anton Mayer Grüner Veltliner Prestige",
            "category": "Wine",
            "currentPrice": "2,66€",
            "oldPrice": "N/A",
            "packageSize": "0,75 l",
            "unitPrice": "N/A",
            "discount": "N/A",
            "availabilityDateRange": "MO. 27.10. BIS MI. 29.10.",
            "productHash": "franz_anton_mayer_grüner_veltliner_prestige075_lwine",
            "offerEndDate": "2025-10-30",
            "offerStartDate": "2025-10-30",
            "currentPriceNumeric": 2.66,
            "oldPriceNumeric": null,
            "storeName": "HOFER"
        },
        {
            "productName": "Grandessa Honig",
            "category": "Honey",
            "currentPrice": "2,49€",
            "oldPrice": "3,49€",
            "packageSize": "500 g",
            "unitPrice": "N/A",
            "discount": "-28%",
            "availabilityDateRange": "MO. 27.10. BIS MI. 29.10.",
            "productHash": "grandessa_honig500_ghoney",
            "offerEndDate": "2025-10-30",
            "offerStartDate": "2025-10-30",
            "currentPriceNumeric": 2.49,
            "oldPriceNumeric": 3.49,
            "storeName": "HOFER"
        },
        {
            "productName": "Ferrero Duplo",
            "category": "Sweets",
            "currentPrice": "2,39€",
            "oldPrice": "2,99€",
            "packageSize": "182 g",
            "unitPrice": "1,31€/100 g",
            "discount": "-20%",
            "availabilityDateRange": "MO. 27.10. BIS MI. 29.10.",
            "productHash": "ferrero_duplo182_gsweets",
            "offerEndDate": "2025-10-30",
            "offerStartDate": "2025-10-30",
            "currentPriceNumeric": 2.39,
            "oldPriceNumeric": 2.99,
            "storeName": "HOFER"
        },
        {
            "productName": "Nimm 2 Lachgummi & Lolly",
            "category": "Sweets",
            "currentPrice": "1,29€",
            "oldPrice": "2,59€",
            "packageSize": "160 g / 300 g",
            "unitPrice": "0,43€/0,81€/100 g",
            "discount": "-50%",
            "availabilityDateRange": "MO. 27.10. BIS MI. 29.10.",
            "productHash": "nimm_2_lachgummi_lolly160_g_300_gsweets",
            "offerEndDate": "2025-10-30",
            "offerStartDate": "2025-10-30",
            "currentPriceNumeric": 1.29,
            "oldPriceNumeric": 2.59,
            "storeName": "HOFER"
        },
        {
            "productName": "Ferrero Raffaello",
            "category": "Sweets",
            "currentPrice": "3,19€",
            "oldPrice": "3,99€",
            "packageSize": "230 g",
            "unitPrice": "1,39€/100 g",
            "discount": "-20%",
            "availabilityDateRange": "MO. 27.10. BIS MI. 29.10.",
            "productHash": "ferrero_raffaello230_gsweets",
            "offerEndDate": "2025-10-30",
            "offerStartDate": "2025-10-30",
            "currentPriceNumeric": 3.19,
            "oldPriceNumeric": 3.99,
            "storeName": "HOFER"
        },
        {
            "productName": "Kägi Fret Mini",
            "category": "Sweets",
            "currentPrice": "1,39€",
            "oldPrice": "2,79€",
            "packageSize": "102 g",
            "unitPrice": "1,36€/100 g",
            "discount": "-50%",
            "availabilityDateRange": "MO. 27.10. BIS MI. 29.10.",
            "productHash": "kägi_fret_mini102_gsweets",
            "offerEndDate": "2025-10-30",
            "offerStartDate": "2025-10-30",
            "currentPriceNumeric": 1.39,
            "oldPriceNumeric": 2.79,
            "storeName": "HOFER"
        },
        {
            "productName": "Lane Kekse",
            "category": "Biscuits",
            "currentPrice": "2,39€",
            "oldPrice": "3,29€",
            "packageSize": "300 g",
            "unitPrice": "0,80€/100 g",
            "discount": "-27%",
            "availabilityDateRange": "MO. 27.10. BIS MI. 29.10.",
            "productHash": "lane_kekse300_gbiscuits",
            "offerEndDate": "2025-10-30",
            "offerStartDate": "2025-10-30",
            "currentPriceNumeric": 2.39,
            "oldPriceNumeric": 3.29,
            "storeName": "HOFER"
        },
        {
            "productName": "Ariel Waschmittel",
            "category": "Laundry Detergent",
            "currentPrice": "8,99€",
            "oldPrice": "12,99€",
            "packageSize": "50/45/38 Waschgänge",
            "unitPrice": "0,18€/0,20€/0,24€/Wg",
            "discount": "-30%",
            "availabilityDateRange": "MO. 27.10. BIS MI. 29.10.",
            "productHash": "ariel_waschmittel504538_waschgängelaundry_detergent",
            "offerEndDate": "2025-10-30",
            "offerStartDate": "2025-10-30",
            "currentPriceNumeric": 8.99,
            "oldPriceNumeric": 12.99,
            "storeName": "HOFER"
        },
        {
            "productName": "Lenor Weichspüler (52 Waschgänge)",
            "category": "Fabric Softener",
            "currentPrice": "2,99€",
            "oldPrice": "4,75€",
            "packageSize": "52 Waschgänge",
            "unitPrice": "0,05€/Wg",
            "discount": "-37%",
            "availabilityDateRange": "MO. 27.10. BIS MI. 29.10.",
            "productHash": "lenor_weichspüler_52_waschgänge52_waschgängefabric_softener",
            "offerEndDate": "2025-10-30",
            "offerStartDate": "2025-10-30",
            "currentPriceNumeric": 2.99,
            "oldPriceNumeric": 4.75,
            "storeName": "HOFER"
        },
        {
            "productName": "Gourmet Finest Cuisine Kochschinken",
            "category": "Meat & Poultry",
            "currentPrice": "1,79€",
            "oldPrice": "2,49€",
            "packageSize": "100 g",
            "unitPrice": "1,79€/100 g",
            "discount": "-28%",
            "availabilityDateRange": "MO. 27.10. BIS MI. 29.10.",
            "productHash": "gourmet_finest_cuisine_kochschinken100_gmeat_poultry",
            "offerEndDate": "2025-10-30",
            "offerStartDate": "2025-10-30",
            "currentPriceNumeric": 1.79,
            "oldPriceNumeric": 2.49,
            "storeName": "HOFER"
        },
        {
            "productName": "Gourmet Finest Cuisine Lachsfiletseite",
            "category": "Seafood",
            "currentPrice": "14,99€",
            "oldPrice": "N/A",
            "packageSize": "750 g",
            "unitPrice": "19,99€/kg",
            "discount": "N/A",
            "availabilityDateRange": "MO. 27.10. BIS MI. 29.10.",
            "productHash": "gourmet_finest_cuisine_lachsfiletseite750_gseafood",
            "offerEndDate": "2025-10-30",
            "offerStartDate": "2025-10-30",
            "currentPriceNumeric": 14.99,
            "oldPriceNumeric": null,
            "storeName": "HOFER"
        },
        {
            "productName": "Gourmet Finest Cuisine Kirschtomatenauce",
            "category": "Sauces",
            "currentPrice": "0,94€",
            "oldPrice": "N/A",
            "packageSize": "350 g",
            "unitPrice": "N/A",
            "discount": "3+1 Gratis",
            "availabilityDateRange": "MO. 27.10. BIS MI. 29.10.",
            "productHash": "gourmet_finest_cuisine_kirschtomatenauce350_gsauces",
            "offerEndDate": "2025-10-30",
            "offerStartDate": "2025-10-30",
            "currentPriceNumeric": 0.94,
            "oldPriceNumeric": null,
            "storeName": "HOFER"
        },
        {
            "productName": "Gourmet Finest Cuisine Fruchtaufstrich",
            "category": "Spreads",
            "currentPrice": "0,99€",
            "oldPrice": "1,45€",
            "packageSize": "260 g",
            "unitPrice": "3,96€/kg",
            "discount": "-31%",
            "availabilityDateRange": "MO. 27.10. BIS MI. 29.10.",
            "productHash": "gourmet_finest_cuisine_fruchtaufstrich260_gspreads",
            "offerEndDate": "2025-10-30",
            "offerStartDate": "2025-10-30",
            "currentPriceNumeric": 0.99,
            "oldPriceNumeric": 1.45,
            "storeName": "HOFER"
        },
        {
            "productName": "Romeo Bomberjacke Hunde",
            "category": "Pet Accessories",
            "currentPrice": "9,99€",
            "oldPrice": "N/A",
            "packageSize": "N/A",
            "unitPrice": "N/A",
            "discount": "N/A",
            "availabilityDateRange": "AB MO. 27.10.",
            "productHash": "romeo_bomberjacke_hundenapet_accessories",
            "offerEndDate": "2025-10-30",
            "offerStartDate": "2025-10-30",
            "currentPriceNumeric": 9.99,
            "oldPriceNumeric": null,
            "storeName": "HOFER"
        },
        {
            "productName": "Romeo & Cachet Bambus-Futterstation",
            "category": "Pet Accessories",
            "currentPrice": "9,99€",
            "oldPrice": "N/A",
            "packageSize": "N/A",
            "unitPrice": "N/A",
            "discount": "N/A",
            "availabilityDateRange": "AB MO. 27.10.",
            "productHash": "romeo_cachet_bambus_futterstationnapet_accessories",
            "offerEndDate": "2025-10-30",
            "offerStartDate": "2025-10-30",
            "currentPriceNumeric": 9.99,
            "oldPriceNumeric": null,
            "storeName": "HOFER"
        },
        {
            "productName": "Romeo Katzennassfutter",
            "category": "Pet Food",
            "currentPrice": "18,99€",
            "oldPrice": "24,99€",
            "packageSize": "50 x 85 g",
            "unitPrice": "5,59€/kg",
            "discount": "N/A",
            "availabilityDateRange": "AB MO. 27.10.",
            "productHash": "romeo_katzennassfutter50_x_85_gpet_food",
            "offerEndDate": "2025-10-30",
            "offerStartDate": "2025-10-30",
            "currentPriceNumeric": 18.99,
            "oldPriceNumeric": 24.99,
            "storeName": "HOFER"
        },
        {
            "productName": "Pedigree Dentastix",
            "category": "Pet Food",
            "currentPrice": "13,99€",
            "oldPrice": "15,99€",
            "packageSize": "56 Stk.",
            "unitPrice": "9,72€/kg",
            "discount": "N/A",
            "availabilityDateRange": "AB MO. 27.10.",
            "productHash": "pedigree_dentastix56_stkpet_food",
            "offerEndDate": "2025-10-30",
            "offerStartDate": "2025-10-30",
            "currentPriceNumeric": 13.99,
            "oldPriceNumeric": 15.99,
            "storeName": "HOFER"
        },
        {
            "productName": "Purina Adventuros Hundesnack",
            "category": "Pet Food",
            "currentPrice": "3,19€",
            "oldPrice": "3,99€",
            "packageSize": "90 g",
            "unitPrice": "10,63€/kg",
            "discount": "N/A",
            "availabilityDateRange": "AB MO. 27.10.",
            "productHash": "purina_adventuros_hundesnack90_gpet_food",
            "offerEndDate": "2025-10-30",
            "offerStartDate": "2025-10-30",
            "currentPriceNumeric": 3.19,
            "oldPriceNumeric": 3.99,
            "storeName": "HOFER"
        },
        {
            "productName": "Cachet Katzenfutter",
            "category": "Pet Food",
            "currentPrice": "10,49€",
            "oldPrice": "N/A",
            "packageSize": "48 x 100 g",
            "unitPrice": "2,19€/kg",
            "discount": "20% sparen",
            "availabilityDateRange": "AB MO. 27.10.",
            "productHash": "cachet_katzenfutter48_x_100_gpet_food",
            "offerEndDate": "2025-10-30",
            "offerStartDate": "2025-10-30",
            "currentPriceNumeric": 10.49,
            "oldPriceNumeric": null,
            "storeName": "HOFER"
        },
        {
            "productName": "Felix Katzenfutter",
            "category": "Pet Food",
            "currentPrice": "16,99€",
            "oldPrice": "17,99€",
            "packageSize": "60 x 85 g",
            "unitPrice": "3,33€/kg",
            "discount": "N/A",
            "availabilityDateRange": "AB MO. 27.10.",
            "productHash": "felix_katzenfutter60_x_85_gpet_food",
            "offerEndDate": "2025-10-30",
            "offerStartDate": "2025-10-30",
            "currentPriceNumeric": 16.99,
            "oldPriceNumeric": 17.99,
            "storeName": "HOFER"
        },
        {
            "productName": "Jäckchen/Kapuzenpullover",
            "category": "Apparel",
            "currentPrice": "9,99€",
            "oldPrice": "N/A",
            "packageSize": "N/A",
            "unitPrice": "N/A",
            "discount": "N/A",
            "availabilityDateRange": "AB MO. 27.10.",
            "productHash": "jäckchenkapuzenpullovernaapparel",
            "offerEndDate": "2025-10-30",
            "offerStartDate": "2025-10-30",
            "currentPriceNumeric": 9.99,
            "oldPriceNumeric": null,
            "storeName": "HOFER"
        },
        {
            "productName": "Damen/Herren-Socken",
            "category": "Apparel",
            "currentPrice": "4,99€",
            "oldPrice": "N/A",
            "packageSize": "7 Paar",
            "unitPrice": "N/A",
            "discount": "N/A",
            "availabilityDateRange": "AB MO. 27.10.",
            "productHash": "damenherren_socken7_paarapparel",
            "offerEndDate": "2025-10-30",
            "offerStartDate": "2025-10-30",
            "currentPriceNumeric": 4.99,
            "oldPriceNumeric": null,
            "storeName": "HOFER"
        },
        {
            "productName": "Damen-Winter-Strumpfhose",
            "category": "Apparel",
            "currentPrice": "5,99€",
            "oldPrice": "N/A",
            "packageSize": "N/A",
            "unitPrice": "N/A",
            "discount": "N/A",
            "availabilityDateRange": "AB MO. 27.10.",
            "productHash": "damen_winter_strumpfhosenaapparel",
            "offerEndDate": "2025-10-30",
            "offerStartDate": "2025-10-30",
            "currentPriceNumeric": 5.99,
            "oldPriceNumeric": null,
            "storeName": "HOFER"
        },
        {
            "productName": "Damen/Herren Lederkomfortfussbett",
            "category": "Apparel",
            "currentPrice": "5,99€",
            "oldPrice": "N/A",
            "packageSize": "N/A",
            "unitPrice": "N/A",
            "discount": "N/A",
            "availabilityDateRange": "AB MO. 27.10.",
            "productHash": "damenherren_lederkomfortfussbettnaapparel",
            "offerEndDate": "2025-10-30",
            "offerStartDate": "2025-10-30",
            "currentPriceNumeric": 5.99,
            "oldPriceNumeric": null,
            "storeName": "HOFER"
        },
        {
            "productName": "Damen Chelsea-Stiefeletten",
            "category": "Footwear",
            "currentPrice": "14,99€",
            "oldPrice": "26,99€",
            "packageSize": "N/A",
            "unitPrice": "N/A",
            "discount": "-44%",
            "availabilityDateRange": "AB MO. 27.10.",
            "productHash": "damen_chelsea_stiefelettennafootwear",
            "offerEndDate": "2025-10-30",
            "offerStartDate": "2025-10-30",
            "currentPriceNumeric": 14.99,
            "oldPriceNumeric": 26.99,
            "storeName": "HOFER"
        },
        {
            "productName": "Damen-Unterhemd, Doppelpkg.",
            "category": "Apparel",
            "currentPrice": "3,99€",
            "oldPrice": "N/A",
            "packageSize": "N/A",
            "unitPrice": "N/A",
            "discount": "N/A",
            "availabilityDateRange": "AB MO. 27.10.",
            "productHash": "damen_unterhemd_doppelpkgnaapparel",
            "offerEndDate": "2025-10-30",
            "offerStartDate": "2025-10-30",
            "currentPriceNumeric": 3.99,
            "oldPriceNumeric": null,
            "storeName": "HOFER"
        },
        {
            "productName": "Damen-Unterhosen",
            "category": "Apparel",
            "currentPrice": "3,49€",
            "oldPrice": "N/A",
            "packageSize": "3 Stk.",
            "unitPrice": "N/A",
            "discount": "N/A",
            "availabilityDateRange": "AB MO. 27.10.",
            "productHash": "damen_unterhosen3_stkapparel",
            "offerEndDate": "2025-10-30",
            "offerStartDate": "2025-10-30",
            "currentPriceNumeric": 3.49,
            "oldPriceNumeric": null,
            "storeName": "HOFER"
        },
        {
            "productName": "Home Creation 3D-Metallstecker",
            "category": "Home Decor",
            "currentPrice": "6,99€",
            "oldPrice": "N/A",
            "packageSize": "N/A",
            "unitPrice": "N/A",
            "discount": "N/A",
            "availabilityDateRange": "AB MO. 27.10.",
            "productHash": "home_creation_3d_metallsteckernahome_decor",
            "offerEndDate": "2025-10-30",
            "offerStartDate": "2025-10-30",
            "currentPriceNumeric": 6.99,
            "oldPriceNumeric": null,
            "storeName": "HOFER"
        },
        {
            "productName": "Aufstell-Adventskalender",
            "category": "Christmas Decor",
            "currentPrice": "2,99€",
            "oldPrice": "N/A",
            "packageSize": "N/A",
            "unitPrice": "N/A",
            "discount": "N/A",
            "availabilityDateRange": "AB MO. 27.10.",
            "productHash": "aufstell_adventskalendernachristmas_decor",
            "offerEndDate": "2025-10-30",
            "offerStartDate": "2025-10-30",
            "currentPriceNumeric": 2.99,
            "oldPriceNumeric": null,
            "storeName": "HOFER"
        },
        {
            "productName": "Malta Adventskalender",
            "category": "Christmas Decor",
            "currentPrice": "24,99€",
            "oldPrice": "N/A",
            "packageSize": "N/A",
            "unitPrice": "N/A",
            "discount": "N/A",
            "availabilityDateRange": "AB MO. 27.10.",
            "productHash": "malta_adventskalendernachristmas_decor",
            "offerEndDate": "2025-10-30",
            "offerStartDate": "2025-10-30",
            "currentPriceNumeric": 24.99,
            "oldPriceNumeric": null,
            "storeName": "HOFER"
        },
        {
            "productName": "Home Creation XXL Weihnachtsfiguren",
            "category": "Christmas Decor",
            "currentPrice": "9,99€",
            "oldPrice": "N/A",
            "packageSize": "N/A",
            "unitPrice": "N/A",
            "discount": "N/A",
            "availabilityDateRange": "AB MO. 27.10.",
            "productHash": "home_creation_xxl_weihnachtsfigurennachristmas_decor",
            "offerEndDate": "2025-10-30",
            "offerStartDate": "2025-10-30",
            "currentPriceNumeric": 9.99,
            "oldPriceNumeric": null,
            "storeName": "HOFER"
        },
        {
            "productName": "Home Creation Weihnachts-Stummpen",
            "category": "Christmas Decor",
            "currentPrice": "4,99€",
            "oldPrice": "N/A",
            "packageSize": "N/A",
            "unitPrice": "N/A",
            "discount": "N/A",
            "availabilityDateRange": "AB MO. 27.10.",
            "productHash": "home_creation_weihnachts_stummpennachristmas_decor",
            "offerEndDate": "2025-10-30",
            "offerStartDate": "2025-10-30",
            "currentPriceNumeric": 4.99,
            "oldPriceNumeric": null,
            "storeName": "HOFER"
        },
        {
            "productName": "Home Creation Duftkerze im bunten Glas",
            "category": "Home Decor",
            "currentPrice": "1,79€",
            "oldPrice": "N/A",
            "packageSize": "N/A",
            "unitPrice": "N/A",
            "discount": "N/A",
            "availabilityDateRange": "AB MO. 27.10.",
            "productHash": "home_creation_duftkerze_im_bunten_glasnahome_decor",
            "offerEndDate": "2025-10-30",
            "offerStartDate": "2025-10-30",
            "currentPriceNumeric": 1.79,
            "oldPriceNumeric": null,
            "storeName": "HOFER"
        },
        {
            "productName": "Home Creation Weihnachts-Figurenkerze",
            "category": "Christmas Decor",
            "currentPrice": "2,29€",
            "oldPrice": "N/A",
            "packageSize": "N/A",
            "unitPrice": "N/A",
            "discount": "N/A",
            "availabilityDateRange": "AB MO. 27.10.",
            "productHash": "home_creation_weihnachts_figurenkerzenachristmas_decor",
            "offerEndDate": "2025-10-30",
            "offerStartDate": "2025-10-30",
            "currentPriceNumeric": 2.29,
            "oldPriceNumeric": null,
            "storeName": "HOFER"
        },
        {
            "productName": "Home Creation Xmas Kreativsortiment",
            "category": "Christmas Decor",
            "currentPrice": "1,99€",
            "oldPrice": "N/A",
            "packageSize": "N/A",
            "unitPrice": "N/A",
            "discount": "N/A",
            "availabilityDateRange": "AB MO. 27.10.",
            "productHash": "home_creation_xmas_kreativsortimentnachristmas_decor",
            "offerEndDate": "2025-10-30",
            "offerStartDate": "2025-10-30",
            "currentPriceNumeric": 1.99,
            "oldPriceNumeric": null,
            "storeName": "HOFER"
        },
        {
            "productName": "Workzone Arbeitsleuchte mit Bewegungsmelder",
            "category": "Tools",
            "currentPrice": "24,99€",
            "oldPrice": "N/A",
            "packageSize": "N/A",
            "unitPrice": "N/A",
            "discount": "N/A",
            "availabilityDateRange": "AB MO. 27.10.",
            "productHash": "workzone_arbeitsleuchte_mit_bewegungsmeldernatools",
            "offerEndDate": "2025-10-30",
            "offerStartDate": "2025-10-30",
            "currentPriceNumeric": 24.99,
            "oldPriceNumeric": null,
            "storeName": "HOFER"
        },
        {
            "productName": "Workzone Steckschlüsselsatz",
            "category": "Tools",
            "currentPrice": "12,99€",
            "oldPrice": "N/A",
            "packageSize": "47 bzw. 53 Teile",
            "unitPrice": "N/A",
            "discount": "N/A",
            "availabilityDateRange": "AB MO. 27.10.",
            "productHash": "workzone_steckschlüsselsatz47_bzw_53_teiletools",
            "offerEndDate": "2025-10-30",
            "offerStartDate": "2025-10-30",
            "currentPriceNumeric": 12.99,
            "oldPriceNumeric": null,
            "storeName": "HOFER"
        },
        {
            "productName": "Workzone Feuchtigkeitsmessgerät/Infrarot-Thermometer",
            "category": "Tools",
            "currentPrice": "9,99€",
            "oldPrice": "N/A",
            "packageSize": "N/A",
            "unitPrice": "N/A",
            "discount": "N/A",
            "availabilityDateRange": "AB MO. 27.10.",
            "productHash": "workzone_feuchtigkeitsmessgerätinfrarot_thermometernatools",
            "offerEndDate": "2025-10-30",
            "offerStartDate": "2025-10-30",
            "currentPriceNumeric": 9.99,
            "oldPriceNumeric": null,
            "storeName": "HOFER"
        },
        {
            "productName": "Ride+Go Powerbank mit Starthilfefunktion",
            "category": "Car Accessories",
            "currentPrice": "49,99€",
            "oldPrice": "N/A",
            "packageSize": "N/A",
            "unitPrice": "N/A",
            "discount": "N/A",
            "availabilityDateRange": "AB MO. 27.10.",
            "productHash": "ridego_powerbank_mit_starthilfefunktionnacar_accessories",
            "offerEndDate": "2025-10-30",
            "offerStartDate": "2025-10-30",
            "currentPriceNumeric": 49.99,
            "oldPriceNumeric": null,
            "storeName": "HOFER"
        },
        {
            "productName": "Ride+Go Auto-Sitzauflage",
            "category": "Car Accessories",
            "currentPrice": "7,99€",
            "oldPrice": "N/A",
            "packageSize": "N/A",
            "unitPrice": "N/A",
            "discount": "N/A",
            "availabilityDateRange": "AB MO. 27.10.",
            "productHash": "ridego_auto_sitzauflagenacar_accessories",
            "offerEndDate": "2025-10-30",
            "offerStartDate": "2025-10-30",
            "currentPriceNumeric": 7.99,
            "oldPriceNumeric": null,
            "storeName": "HOFER"
        },
        {
            "productName": "Ride+Go Auto Vollgarage",
            "category": "Car Accessories",
            "currentPrice": "7,99€",
            "oldPrice": "12,99€",
            "packageSize": "N/A",
            "unitPrice": "N/A",
            "discount": "-38%",
            "availabilityDateRange": "AB MO. 27.10.",
            "productHash": "ridego_auto_vollgaragenacar_accessories",
            "offerEndDate": "2025-10-30",
            "offerStartDate": "2025-10-30",
            "currentPriceNumeric": 7.99,
            "oldPriceNumeric": 12.99,
            "storeName": "HOFER"
        },
        {
            "productName": "Maxi-Cosi Morion i-Size",
            "category": "Child Safety Seats",
            "currentPrice": "99,99€",
            "oldPrice": "N/A",
            "packageSize": "N/A",
            "unitPrice": "N/A",
            "discount": "N/A",
            "availabilityDateRange": "AB MO. 27.10.",
            "productHash": "maxi_cosi_morion_i_sizenachild_safety_seats",
            "offerEndDate": "2025-10-30",
            "offerStartDate": "2025-10-30",
            "currentPriceNumeric": 99.99,
            "oldPriceNumeric": null,
            "storeName": "HOFER"
        },
        {
            "productName": "Ride+Go KFZ-Reifentaschen Set",
            "category": "Car Accessories",
            "currentPrice": "9,99€",
            "oldPrice": "N/A",
            "packageSize": "N/A",
            "unitPrice": "N/A",
            "discount": "N/A",
            "availabilityDateRange": "AB MO. 27.10.",
            "productHash": "ridego_kfz_reifentaschen_setnacar_accessories",
            "offerEndDate": "2025-10-30",
            "offerStartDate": "2025-10-30",
            "currentPriceNumeric": 9.99,
            "oldPriceNumeric": null,
            "storeName": "HOFER"
        },
        {
            "productName": "Ride+Go Luftentfeuchter",
            "category": "Home Appliances",
            "currentPrice": "5,99€",
            "oldPrice": "N/A",
            "packageSize": "N/A",
            "unitPrice": "N/A",
            "discount": "N/A",
            "availabilityDateRange": "AB MO. 27.10.",
            "productHash": "ridego_luftentfeuchternahome_appliances",
            "offerEndDate": "2025-10-30",
            "offerStartDate": "2025-10-30",
            "currentPriceNumeric": 5.99,
            "oldPriceNumeric": null,
            "storeName": "HOFER"
        },
        {
            "productName": "Philex Mobiler Infrarot-Rückenstrahler",
            "category": "Health & Wellness",
            "currentPrice": "499,00€",
            "oldPrice": "699,00€",
            "packageSize": "N/A",
            "unitPrice": "N/A",
            "discount": "N/A",
            "availabilityDateRange": "AB MO. 27.10.",
            "productHash": "philex_mobiler_infrarot_rückenstrahlernahealth_wellness",
            "offerEndDate": "2025-10-30",
            "offerStartDate": "2025-10-30",
            "currentPriceNumeric": 499.0,
            "oldPriceNumeric": 699.0,
            "storeName": "HOFER"
        },
        {
            "productName": "Infrarotkabine Redsun M mit Vollspektrumstrahler",
            "category": "Health & Wellness",
            "currentPrice": "1.149,00€",
            "oldPrice": "1.399,00€",
            "packageSize": "N/A",
            "unitPrice": "N/A",
            "discount": "N/A",
            "availabilityDateRange": "AB MO. 27.10.",
            "productHash": "infrarotkabine_redsun_m_mit_vollspektrumstrahlernahealth_wel",
            "offerEndDate": "2025-10-30",
            "offerStartDate": "2025-10-30",
            "currentPriceNumeric": null,
            "oldPriceNumeric": null,
            "storeName": "HOFER"
        },
        {
            "productName": "Marimex Infrarotheizung",
            "category": "Home Appliances",
            "currentPrice": "269,00€",
            "oldPrice": "N/A",
            "packageSize": "N/A",
            "unitPrice": "N/A",
            "discount": "N/A",
            "availabilityDateRange": "AB MO. 27.10.",
            "productHash": "marimex_infrarotheizungnahome_appliances",
            "offerEndDate": "2025-10-30",
            "offerStartDate": "2025-10-30",
            "currentPriceNumeric": 269.0,
            "oldPriceNumeric": null,
            "storeName": "HOFER"
        },
        {
            "productName": "Kärcher Akkusauger AD 2 Battery Set",
            "category": "Home Appliances",
            "currentPrice": "189,00€",
            "oldPrice": "239,00€",
            "packageSize": "N/A",
            "unitPrice": "N/A",
            "discount": "N/A",
            "availabilityDateRange": "AB MO. 27.10.",
            "productHash": "kärcher_akkusauger_ad_2_battery_setnahome_appliances",
            "offerEndDate": "2025-10-30",
            "offerStartDate": "2025-10-30",
            "currentPriceNumeric": 189.0,
            "oldPriceNumeric": 239.0,
            "storeName": "HOFER"
        },
        {
            "productName": "Scheppach Werkstattwagen TW1100",
            "category": "Tools",
            "currentPrice": "379,00€",
            "oldPrice": "699,00€",
            "packageSize": "N/A",
            "unitPrice": "N/A",
            "discount": "N/A",
            "availabilityDateRange": "AB MO. 27.10.",
            "productHash": "scheppach_werkstattwagen_tw1100natools",
            "offerEndDate": "2025-10-30",
            "offerStartDate": "2025-10-30",
            "currentPriceNumeric": 379.0,
            "oldPriceNumeric": 699.0,
            "storeName": "HOFER"
        },
        {
            "productName": "Gorenje Wäschetrockner",
            "category": "Home Appliances",
            "currentPrice": "459,00€",
            "oldPrice": "949,00€",
            "packageSize": "N/A",
            "unitPrice": "N/A",
            "discount": "N/A",
            "availabilityDateRange": "AB MO. 27.10.",
            "productHash": "gorenje_wäschetrocknernahome_appliances",
            "offerEndDate": "2025-10-30",
            "offerStartDate": "2025-10-30",
            "currentPriceNumeric": 459.0,
            "oldPriceNumeric": 949.0,
            "storeName": "HOFER"
        },
        {
            "productName": "Ceem Weintemperierschrank WC3000",
            "category": "Home Appliances",
            "currentPrice": "699,00€",
            "oldPrice": "899,00€",
            "packageSize": "N/A",
            "unitPrice": "N/A",
            "discount": "N/A",
            "availabilityDateRange": "AB MO. 27.10.",
            "productHash": "ceem_weintemperierschrank_wc3000nahome_appliances",
            "offerEndDate": "2025-10-30",
            "offerStartDate": "2025-10-30",
            "currentPriceNumeric": 699.0,
            "oldPriceNumeric": 899.0,
            "storeName": "HOFER"
        },
        {
            "productName": "ProBake Küchenmaschine + Küchenwaage",
            "category": "Home Appliances",
            "currentPrice": "779,00€",
            "oldPrice": "1.049,00€",
            "packageSize": "N/A",
            "unitPrice": "N/A",
            "discount": "N/A",
            "availabilityDateRange": "AB MO. 27.10.",
            "productHash": "probake_küchenmaschine_küchenwaagenahome_appliances",
            "offerEndDate": "2025-10-30",
            "offerStartDate": "2025-10-30",
            "currentPriceNumeric": 779.0,
            "oldPriceNumeric": null,
            "storeName": "HOFER"
        },
        {
            "productName": "Samsung Geschirrspüler voll integrierbar",
            "category": "Home Appliances",
            "currentPrice": "499,00€",
            "oldPrice": "799,00€",
            "packageSize": "N/A",
            "unitPrice": "N/A",
            "discount": "N/A",
            "availabilityDateRange": "AB MO. 27.10.",
            "productHash": "samsung_geschirrspüler_voll_integrierbarnahome_appliances",
            "offerEndDate": "2025-10-30",
            "offerStartDate": "2025-10-30",
            "currentPriceNumeric": 499.0,
            "oldPriceNumeric": 799.0,
            "storeName": "HOFER"
        },
        {
            "productName": "Ceem Gefrierschrank",
            "category": "Home Appliances",
            "currentPrice": "349,00€",
            "oldPrice": "499,00€",
            "packageSize": "N/A",
            "unitPrice": "N/A",
            "discount": "N/A",
            "availabilityDateRange": "AB MO. 27.10.",
            "productHash": "ceem_gefrierschranknahome_appliances",
            "offerEndDate": "2025-10-30",
            "offerStartDate": "2025-10-30",
            "currentPriceNumeric": 349.0,
            "oldPriceNumeric": 499.0,
            "storeName": "HOFER"
        },
        {
            "productName": "Puzzle mit 1.000 knickfesten Teilen",
            "category": "Toys",
            "currentPrice": "2,99€",
            "oldPrice": "N/A",
            "packageSize": "1000 Teile",
            "unitPrice": "N/A",
            "discount": "N/A",
            "availabilityDateRange": "AB DO. 30.10.",
            "productHash": "puzzle_mit_1000_knickfesten_teilen1000_teiletoys",
            "offerEndDate": "2025-10-30",
            "offerStartDate": "2025-10-30",
            "currentPriceNumeric": 2.99,
            "oldPriceNumeric": null,
            "storeName": "HOFER"
        },
        {
            "productName": "Home Creation Laternen Bastel-Set",
            "category": "Crafts",
            "currentPrice": "1,99€",
            "oldPrice": "N/A",
            "packageSize": "N/A",
            "unitPrice": "N/A",
            "discount": "N/A",
            "availabilityDateRange": "AB DO. 30.10.",
            "productHash": "home_creation_laternen_bastel_setnacrafts",
            "offerEndDate": "2025-10-30",
            "offerStartDate": "2025-10-30",
            "currentPriceNumeric": 1.99,
            "oldPriceNumeric": null,
            "storeName": "HOFER"
        },
        {
            "productName": "Igloo Books Colourmania",
            "category": "Books/Crafts",
            "currentPrice": "9,99€",
            "oldPrice": "N/A",
            "packageSize": "N/A",
            "unitPrice": "N/A",
            "discount": "N/A",
            "availabilityDateRange": "AB DO. 30.10.",
            "productHash": "igloo_books_colourmanianabookscrafts",
            "offerEndDate": "2025-10-30",
            "offerStartDate": "2025-10-30",
            "currentPriceNumeric": 9.99,
            "oldPriceNumeric": null,
            "storeName": "HOFER"
        },
        {
            "productName": "Katel Monster High Puppen",
            "category": "Dolls",
            "currentPrice": "14,99€",
            "oldPrice": "N/A",
            "packageSize": "N/A",
            "unitPrice": "N/A",
            "discount": "N/A",
            "availabilityDateRange": "AB DO. 30.10.",
            "productHash": "katel_monster_high_puppennadolls",
            "offerEndDate": "2025-10-30",
            "offerStartDate": "2025-10-30",
            "currentPriceNumeric": 14.99,
            "oldPriceNumeric": null,
            "storeName": "HOFER"
        },
        {
            "productName": "Fenster-, Leucht- & Tattoo-Stickerbuch",
            "category": "Books/Crafts",
            "currentPrice": "4,99€",
            "oldPrice": "N/A",
            "packageSize": "N/A",
            "unitPrice": "N/A",
            "discount": "N/A",
            "availabilityDateRange": "AB DO. 30.10.",
            "productHash": "fenster_leucht_tattoo_stickerbuchnabookscrafts",
            "offerEndDate": "2025-10-30",
            "offerStartDate": "2025-10-30",
            "currentPriceNumeric": 4.99,
            "oldPriceNumeric": null,
            "storeName": "HOFER"
        },
        {
            "productName": "Hylkies Sammelfiguren",
            "category": "Toys",
            "currentPrice": "7,99€",
            "oldPrice": "N/A",
            "packageSize": "N/A",
            "unitPrice": "N/A",
            "discount": "N/A",
            "availabilityDateRange": "AB DO. 30.10.",
            "productHash": "hylkies_sammelfigurennatoys",
            "offerEndDate": "2025-10-30",
            "offerStartDate": "2025-10-30",
            "currentPriceNumeric": 7.99,
            "oldPriceNumeric": null,
            "storeName": "HOFER"
        },
        {
            "productName": "Home Creation Glow in the Dark Sortiment",
            "category": "Home Decor/Kids",
            "currentPrice": "9,99€",
            "oldPrice": "N/A",
            "packageSize": "N/A",
            "unitPrice": "N/A",
            "discount": "N/A",
            "availabilityDateRange": "AB DO. 30.10.",
            "productHash": "home_creation_glow_in_the_dark_sortimentnahome_decorkids",
            "offerEndDate": "2025-10-30",
            "offerStartDate": "2025-10-30",
            "currentPriceNumeric": 9.99,
            "oldPriceNumeric": null,
            "storeName": "HOFER"
        },
        {
            "productName": "Wissensspaß Was ist Was",
            "category": "Books",
            "currentPrice": "2,49€",
            "oldPrice": "3,99€",
            "packageSize": "N/A",
            "unitPrice": "N/A",
            "discount": "-37%",
            "availabilityDateRange": "AB DO. 30.10.",
            "productHash": "wissensspaß_was_ist_wasnabooks",
            "offerEndDate": "2025-10-30",
            "offerStartDate": "2025-10-30",
            "currentPriceNumeric": 2.49,
            "oldPriceNumeric": 3.99,
            "storeName": "HOFER"
        },
        {
            "productName": "Ein Gutes Morgen beginnt mit... Lesebücher",
            "category": "Books",
            "currentPrice": "4,99€",
            "oldPrice": "N/A",
            "packageSize": "N/A",
            "unitPrice": "N/A",
            "discount": "N/A",
            "availabilityDateRange": "N/A",
            "productHash": "ein_gutes_morgen_beginnt_mit_lesebüchernabooks",
            "offerEndDate": "2025-10-30",
            "offerStartDate": "2025-10-30",
            "currentPriceNumeric": 4.99,
            "oldPriceNumeric": null,
            "storeName": "HOFER"
        },
        {
            "productName": "Ambiaano Elektrische Zahnbürste/Munddusche",
            "category": "Personal Care/Electronics",
            "currentPrice": "14,99€",
            "oldPrice": "N/A",
            "packageSize": "N/A",
            "unitPrice": "N/A",
            "discount": "N/A",
            "availabilityDateRange": "AB DO. 30.10.",
            "productHash": "ambiaano_elektrische_zahnbürstemundduschenapersonal_careelec",
            "offerEndDate": "2025-10-30",
            "offerStartDate": "2025-10-30",
            "currentPriceNumeric": 14.99,
            "oldPriceNumeric": null,
            "storeName": "HOFER"
        },
        {
            "productName": "Nottetess Frottierserie",
            "category": "Home Textiles",
            "currentPrice": "4,99€",
            "oldPrice": "N/A",
            "packageSize": "N/A",
            "unitPrice": "N/A",
            "discount": "N/A",
            "availabilityDateRange": "AB DO. 30.10.",
            "productHash": "nottetess_frottierserienahome_textiles",
            "offerEndDate": "2025-10-30",
            "offerStartDate": "2025-10-30",
            "currentPriceNumeric": 4.99,
            "oldPriceNumeric": null,
            "storeName": "HOFER"
        },
        {
            "productName": "Dettol No-Touch Nachfüller, Doppelpkg.",
            "category": "Personal Care",
            "currentPrice": "6,49€",
            "oldPrice": "8,99€",
            "packageSize": "2 x 250 ml",
            "unitPrice": "1,30€/100 ml",
            "discount": "N/A",
            "availabilityDateRange": "AB DO. 30.10.",
            "productHash": "dettol_no_touch_nachfüller_doppelpkg2_x_250_mlpersonal_care",
            "offerEndDate": "2025-10-30",
            "offerStartDate": "2025-10-30",
            "currentPriceNumeric": 6.49,
            "oldPriceNumeric": 8.99,
            "storeName": "HOFER"
        },
        {
            "productName": "Tena Hygiene Pants",
            "category": "Personal Care",
            "currentPrice": "9,99€",
            "oldPrice": "N/A",
            "packageSize": "9 Stk./8 Stk.",
            "unitPrice": "1,11€/1,25€/Stück",
            "discount": "N/A",
            "availabilityDateRange": "AB DO. 30.10.",
            "productHash": "tena_hygiene_pants9_stk8_stkpersonal_care",
            "offerEndDate": "2025-10-30",
            "offerStartDate": "2025-10-30",
            "currentPriceNumeric": 9.99,
            "oldPriceNumeric": null,
            "storeName": "HOFER"
        },
        {
            "productName": "Ambiaano Shiatsu Massage Sortiment",
            "category": "Health & Wellness",
            "currentPrice": "29,99€",
            "oldPrice": "N/A",
            "packageSize": "N/A",
            "unitPrice": "N/A",
            "discount": "N/A",
            "availabilityDateRange": "AB DO. 30.10.",
            "productHash": "ambiaano_shiatsu_massage_sortimentnahealth_wellness",
            "offerEndDate": "2025-10-30",
            "offerStartDate": "2025-10-30",
            "currentPriceNumeric": 29.99,
            "oldPriceNumeric": null,
            "storeName": "HOFER"
        },
        {
            "productName": "Always Slipeinlagen Gigapack",
            "category": "Personal Care",
            "currentPrice": "3,59€",
            "oldPrice": "N/A",
            "packageSize": "N/A",
            "unitPrice": "0,05€/0,06€/0,07€/Stück",
            "discount": "N/A",
            "availabilityDateRange": "AB DO. 30.10.",
            "productHash": "always_slipeinlagen_gigapacknapersonal_care",
            "offerEndDate": "2025-10-30",
            "offerStartDate": "2025-10-30",
            "currentPriceNumeric": 3.59,
            "oldPriceNumeric": null,
            "storeName": "HOFER"
        },
        {
            "productName": "Ambiaano Elektrischer Rasierer",
            "category": "Personal Care/Electronics",
            "currentPrice": "14,99€",
            "oldPrice": "N/A",
            "packageSize": "N/A",
            "unitPrice": "N/A",
            "discount": "N/A",
            "availabilityDateRange": "AB DO. 30.10.",
            "productHash": "ambiaano_elektrischer_rasierernapersonal_careelectronics",
            "offerEndDate": "2025-10-30",
            "offerStartDate": "2025-10-30",
            "currentPriceNumeric": 14.99,
            "oldPriceNumeric": null,
            "storeName": "HOFER"
        },
        {
            "productName": "Glem Vital XXL Shampoo (750 ml)",
            "category": "Hair Care",
            "currentPrice": "3,99€",
            "oldPrice": "N/A",
            "packageSize": "750 ml",
            "unitPrice": "0,53€/100 ml",
            "discount": "N/A",
            "availabilityDateRange": "AB DO. 30.10.",
            "productHash": "glem_vital_xxl_shampoo_750_ml750_mlhair_care",
            "offerEndDate": "2025-10-30",
            "offerStartDate": "2025-10-30",
            "currentPriceNumeric": 3.99,
            "oldPriceNumeric": null,
            "storeName": "HOFER"
        },
        {
            "productName": "Home Creation Design Brause-Set",
            "category": "Bathroom Appliances",
            "currentPrice": "6,99€",
            "oldPrice": "N/A",
            "packageSize": "N/A",
            "unitPrice": "N/A",
            "discount": "N/A",
            "availabilityDateRange": "AB DO. 30.10.",
            "productHash": "home_creation_design_brause_setnabathroom_appliances",
            "offerEndDate": "2025-10-30",
            "offerStartDate": "2025-10-30",
            "currentPriceNumeric": 6.99,
            "oldPriceNumeric": null,
            "storeName": "HOFER"
        },
        {
            "productName": "Taft Haarlack",
            "category": "Hair Care",
            "currentPrice": "3,99€",
            "oldPrice": "4,49€",
            "packageSize": "400 ml",
            "unitPrice": "1,00€/100 ml",
            "discount": "N/A",
            "availabilityDateRange": "AB DO. 30.10.",
            "productHash": "taft_haarlack400_mlhair_care",
            "offerEndDate": "2025-10-30",
            "offerStartDate": "2025-10-30",
            "currentPriceNumeric": 3.99,
            "oldPriceNumeric": 4.49,
            "storeName": "HOFER"
        },
        {
            "productName": "Lenor Weichspüler (82 Waschgänge)",
            "category": "Laundry Detergent",
            "currentPrice": "4,99€",
            "oldPrice": "N/A",
            "packageSize": "82 Waschgänge",
            "unitPrice": "0,06€/Waschgang",
            "discount": "N/A",
            "availabilityDateRange": "AB DO. 30.10.",
            "productHash": "lenor_weichspüler_82_waschgänge82_waschgängelaundry_detergen",
            "offerEndDate": "2025-10-30",
            "offerStartDate": "2025-10-30",
            "currentPriceNumeric": 4.99,
            "oldPriceNumeric": null,
            "storeName": "HOFER"
        },
        {
            "productName": "Weißer Riese Waschmittel",
            "category": "Laundry Detergent",
            "currentPrice": "15,99€",
            "oldPrice": "23,99€",
            "packageSize": "80 Waschgänge",
            "unitPrice": "0,18€/0,20€/Wg",
            "discount": "N/A",
            "availabilityDateRange": "AB DO. 30.10.",
            "productHash": "weißer_riese_waschmittel80_waschgängelaundry_detergent",
            "offerEndDate": "2025-10-30",
            "offerStartDate": "2025-10-30",
            "currentPriceNumeric": 15.99,
            "oldPriceNumeric": 23.99,
            "storeName": "HOFER"
        },
        {
            "productName": "Tandil Waschmittel Blätter",
            "category": "Laundry Detergent",
            "currentPrice": "3,99€",
            "oldPrice": "N/A",
            "packageSize": "30 Waschgänge",
            "unitPrice": "0,13€/Waschgang",
            "discount": "N/A",
            "availabilityDateRange": "AB DO. 30.10.",
            "productHash": "tandil_waschmittel_blätter30_waschgängelaundry_detergent",
            "offerEndDate": "2025-10-30",
            "offerStartDate": "2025-10-30",
            "currentPriceNumeric": 3.99,
            "oldPriceNumeric": null,
            "storeName": "HOFER"
        },
        {
            "productName": "Active Med Sterile Pflaster",
            "category": "Health Supplies",
            "currentPrice": "2,49€",
            "oldPrice": "N/A",
            "packageSize": "15 Stk.",
            "unitPrice": "N/A",
            "discount": "N/A",
            "availabilityDateRange": "AB DO. 30.10.",
            "productHash": "active_med_sterile_pflaster15_stkhealth_supplies",
            "offerEndDate": "2025-10-30",
            "offerStartDate": "2025-10-30",
            "currentPriceNumeric": 2.49,
            "oldPriceNumeric": null,
            "storeName": "HOFER"
        },
        {
            "productName": "Active Med Meerwasser Spray",
            "category": "Health Supplies",
            "currentPrice": "1,45€",
            "oldPrice": "N/A",
            "packageSize": "N/A",
            "unitPrice": "N/A",
            "discount": "N/A",
            "availabilityDateRange": "AB DO. 30.10.",
            "productHash": "active_med_meerwasser_spraynahealth_supplies",
            "offerEndDate": "2025-10-30",
            "offerStartDate": "2025-10-30",
            "currentPriceNumeric": 1.45,
            "oldPriceNumeric": null,
            "storeName": "HOFER"
        },
        {
            "productName": "Softis Toilettenpapier",
            "category": "Paper Products",
            "currentPrice": "6,49€",
            "oldPrice": "N/A",
            "packageSize": "10 x 100 Blatt",
            "unitPrice": "N/A",
            "discount": "N/A",
            "availabilityDateRange": "AB DO. 30.10.",
            "productHash": "softis_toilettenpapier10_x_100_blattpaper_products",
            "offerEndDate": "2025-10-30",
            "offerStartDate": "2025-10-30",
            "currentPriceNumeric": 6.49,
            "oldPriceNumeric": null,
            "storeName": "HOFER"
        },
        {
            "productName": "Gardenline Grünsabfallsack",
            "category": "Garden Supplies",
            "currentPrice": "3,99€",
            "oldPrice": "N/A",
            "packageSize": "N/A",
            "unitPrice": "N/A",
            "discount": "N/A",
            "availabilityDateRange": "AB DO. 30.10.",
            "productHash": "gardenline_grünsabfallsacknagarden_supplies",
            "offerEndDate": "2025-10-30",
            "offerStartDate": "2025-10-30",
            "currentPriceNumeric": 3.99,
            "oldPriceNumeric": null,
            "storeName": "HOFER"
        },
        {
            "productName": "Lufterfrischer-Grünpflanze (12cm Topf)",
            "category": "Plants",
            "currentPrice": "2,99€",
            "oldPrice": "N/A",
            "packageSize": "12-cm-Topf",
            "unitPrice": "N/A",
            "discount": "N/A",
            "availabilityDateRange": "AB DO. 30.10.",
            "productHash": "lufterfrischer_grünpflanze_12cm_topf12_cm_topfplants",
            "offerEndDate": "2025-10-30",
            "offerStartDate": "2025-10-30",
            "currentPriceNumeric": 2.99,
            "oldPriceNumeric": null,
            "storeName": "HOFER"
        },
        {
            "productName": "Lufterfrischer-Grünpflanze (Monstera, 21cm Topf)",
            "category": "Plants",
            "currentPrice": "12,99€",
            "oldPrice": "N/A",
            "packageSize": "21-cm-Topf",
            "unitPrice": "N/A",
            "discount": "N/A",
            "availabilityDateRange": "AB DO. 30.10.",
            "productHash": "lufterfrischer_grünpflanze_monstera_21cm_topf21_cm_topfplant",
            "offerEndDate": "2025-10-30",
            "offerStartDate": "2025-10-30",
            "currentPriceNumeric": 12.99,
            "oldPriceNumeric": null,
            "storeName": "HOFER"
        },
        {
            "productName": "Gardenline Winterschutz Kokosscheiben",
            "category": "Garden Supplies",
            "currentPrice": "1,49€",
            "oldPrice": "2,99€",
            "packageSize": "N/A",
            "unitPrice": "N/A",
            "discount": "-50%",
            "availabilityDateRange": "AB DO. 30.10.",
            "productHash": "gardenline_winterschutz_kokosscheibennagarden_supplies",
            "offerEndDate": "2025-10-30",
            "offerStartDate": "2025-10-30",
            "currentPriceNumeric": 1.49,
            "oldPriceNumeric": 2.99,
            "storeName": "HOFER"
        },
        {
            "productName": "Chrysanthemen",
            "category": "Plants",
            "currentPrice": "3,79€",
            "oldPrice": "N/A",
            "packageSize": "N/A",
            "unitPrice": "N/A",
            "discount": "N/A",
            "availabilityDateRange": "AB DO. 30.10.",
            "productHash": "chrysanthemennaplants",
            "offerEndDate": "2025-10-30",
            "offerStartDate": "2025-10-30",
            "currentPriceNumeric": 3.79,
            "oldPriceNumeric": null,
            "storeName": "HOFER"
        },
        {
            "productName": "Amaryllis",
            "category": "Plants",
            "currentPrice": "3,49€",
            "oldPrice": "N/A",
            "packageSize": "im 13-cm-Topf",
            "unitPrice": "N/A",
            "discount": "N/A",
            "availabilityDateRange": "AB DO. 30.10.",
            "productHash": "amaryllisim_13_cm_topfplants",
            "offerEndDate": "2025-10-30",
            "offerStartDate": "2025-10-30",
            "currentPriceNumeric": 3.49,
            "oldPriceNumeric": null,
            "storeName": "HOFER"
        },
        {
            "productName": "Wachs-Amaryllis",
            "category": "Plants",
            "currentPrice": "5,99€",
            "oldPrice": "N/A",
            "packageSize": "N/A",
            "unitPrice": "N/A",
            "discount": "N/A",
            "availabilityDateRange": "AB DO. 30.10.",
            "productHash": "wachs_amaryllisnaplants",
            "offerEndDate": "2025-10-30",
            "offerStartDate": "2025-10-30",
            "currentPriceNumeric": 5.99,
            "oldPriceNumeric": null,
            "storeName": "HOFER"
        },
        {
            "productName": "LG UHD AI 4K Smart TV",
            "category": "Electronics",
            "currentPrice": "333,00€",
            "oldPrice": "629,00€",
            "packageSize": "127 cm (50\")",
            "unitPrice": "N/A",
            "discount": "N/A",
            "availabilityDateRange": "AB DO. 30.10.",
            "productHash": "lg_uhd_ai_4k_smart_tv127_cm_50electronics",
            "offerEndDate": "2025-10-30",
            "offerStartDate": "2025-10-30",
            "currentPriceNumeric": 333.0,
            "oldPriceNumeric": 629.0,
            "storeName": "HOFER"
        },
        {
            "productName": "Vivo Y19S Smartphone",
            "category": "Electronics",
            "currentPrice": "129,00€",
            "oldPrice": "N/A",
            "packageSize": "N/A",
            "unitPrice": "N/A",
            "discount": "N/A",
            "availabilityDateRange": "AB DO. 30.10.",
            "productHash": "vivo_y19s_smartphonenaelectronics",
            "offerEndDate": "2025-10-30",
            "offerStartDate": "2025-10-30",
            "currentPriceNumeric": 129.0,
            "oldPriceNumeric": null,
            "storeName": "HOFER"
        },
        {
            "productName": "Hama Smartphone-Zubehör",
            "category": "Electronics",
            "currentPrice": "6,99€",
            "oldPrice": "N/A",
            "packageSize": "N/A",
            "unitPrice": "N/A",
            "discount": "N/A",
            "availabilityDateRange": "AB DO. 30.10.",
            "productHash": "hama_smartphone_zubehörnaelectronics",
            "offerEndDate": "2025-10-30",
            "offerStartDate": "2025-10-30",
            "currentPriceNumeric": 6.99,
            "oldPriceNumeric": null,
            "storeName": "HOFER"
        },
        {
            "productName": "B.E.A. Fon Smartwatch 11S",
            "category": "Electronics",
            "currentPrice": "17,99€",
            "oldPrice": "39,95€",
            "packageSize": "N/A",
            "unitPrice": "N/A",
            "discount": "N/A",
            "availabilityDateRange": "AB DO. 30.10.",
            "productHash": "bea_fon_smartwatch_11snaelectronics",
            "offerEndDate": "2025-10-30",
            "offerStartDate": "2025-10-30",
            "currentPriceNumeric": 17.99,
            "oldPriceNumeric": 39.95,
            "storeName": "HOFER"
        },
        {
            "productName": "Kopfhörer",
            "category": "Electronics",
            "currentPrice": "14,99€",
            "oldPrice": "N/A",
            "packageSize": "N/A",
            "unitPrice": "N/A",
            "discount": "N/A",
            "availabilityDateRange": "AB DO. 30.10.",
            "productHash": "kopfhörernaelectronics",
            "offerEndDate": "2025-10-30",
            "offerStartDate": "2025-10-30",
            "currentPriceNumeric": 14.99,
            "oldPriceNumeric": null,
            "storeName": "HOFER"
        },
        {
            "productName": "Maginon Smart „Tags Pro II“",
            "category": "Electronics",
            "currentPrice": "17,99€",
            "oldPrice": "N/A",
            "packageSize": "N/A",
            "unitPrice": "N/A",
            "discount": "N/A",
            "availabilityDateRange": "AB DO. 30.10.",
            "productHash": "maginon_smart_tags_pro_iinaelectronics",
            "offerEndDate": "2025-10-30",
            "offerStartDate": "2025-10-30",
            "currentPriceNumeric": 17.99,
            "oldPriceNumeric": null,
            "storeName": "HOFER"
        },
        {
            "productName": "Casalux Schreibtischleuchte",
            "category": "Home Appliances",
            "currentPrice": "4,99€",
            "oldPrice": "9,99€",
            "packageSize": "N/A",
            "unitPrice": "N/A",
            "discount": "-50%",
            "availabilityDateRange": "AB DO. 30.10.",
            "productHash": "casalux_schreibtischleuchtenahome_appliances",
            "offerEndDate": "2025-10-30",
            "offerStartDate": "2025-10-30",
            "currentPriceNumeric": 4.99,
            "oldPriceNumeric": 9.99,
            "storeName": "HOFER"
        },
        {
            "productName": "HOT WLAN-Router Cat 12 (R312)",
            "category": "Electronics/Internet",
            "currentPrice": "79,99€",
            "oldPrice": "N/A",
            "packageSize": "N/A",
            "unitPrice": "N/A",
            "discount": "N/A",
            "availabilityDateRange": "N/A",
            "productHash": "hot_wlan_router_cat_12_r312naelectronicsinternet",
            "offerEndDate": "2025-10-30",
            "offerStartDate": "2025-10-30",
            "currentPriceNumeric": 79.99,
            "oldPriceNumeric": null,
            "storeName": "HOFER"
        },
        {
            "productName": "Kratz und Glitzer",
            "category": "Crafts",
            "currentPrice": "1,99€",
            "oldPrice": "4,99€",
            "packageSize": "N/A",
            "unitPrice": "N/A",
            "discount": "-60%",
            "availabilityDateRange": "AB DO. 30.10.",
            "productHash": "kratz_und_glitzernacrafts",
            "offerEndDate": "2025-10-30",
            "offerStartDate": "2025-10-30",
            "currentPriceNumeric": 1.99,
            "oldPriceNumeric": 4.99,
            "storeName": "HOFER"
        },
        {
            "productName": "Kinder-Puzzle",
            "category": "Toys",
            "currentPrice": "1,99€",
            "oldPrice": "3,99€",
            "packageSize": "N/A",
            "unitPrice": "N/A",
            "discount": "-50%",
            "availabilityDateRange": "AB DO. 30.10.",
            "productHash": "kinder_puzzlenatoys",
            "offerEndDate": "2025-10-30",
            "offerStartDate": "2025-10-30",
            "currentPriceNumeric": 1.99,
            "oldPriceNumeric": 3.99,
            "storeName": "HOFER"
        },
        {
            "productName": "Disney / Simba Plüschfiguren",
            "category": "Toys",
            "currentPrice": "6,99€",
            "oldPrice": "9,99€",
            "packageSize": "N/A",
            "unitPrice": "N/A",
            "discount": "-30%",
            "availabilityDateRange": "AB DO. 30.10.",
            "productHash": "disney_simba_plüschfigurennatoys",
            "offerEndDate": "2025-10-30",
            "offerStartDate": "2025-10-30",
            "currentPriceNumeric": 6.99,
            "oldPriceNumeric": 9.99,
            "storeName": "HOFER"
        },
        {
            "productHash": "b6f5b0db138a0c3910bda1ec0cbacb3a56e52aa7",
            "productName": "Bananen",
            "currentPrice": "€0.99",
            "originalPrice": "€1.79",
            "discount": "45% OFF",
            "unitMeasure": "kg",
            "category": "ESSEN & TRINKEN",
            "productUrl": "https://www.lidl.at/p/bananen/p10039871",
            "storeName": "LIDL"
        },
        {
            "productHash": "45929d49db4c24df8ee65f75797e742fbf5f9abd",
            "productName": "Bananen",
            "currentPrice": "€1.11",
            "originalPrice": "€1.79",
            "discount": "38% OFF",
            "unitMeasure": "kg",
            "category": "ESSEN & TRINKEN",
            "productUrl": "https://www.lidl.at/p/bananen/p10039872",
            "storeName": "LIDL"
        },
        {
            "productHash": "2d25efcddd2468021528665648fc57e14d444d93",
            "productName": "Kohlsprossen",
            "currentPrice": "€0.99",
            "originalPrice": "€1.49",
            "discount": "34% OFF",
            "unitMeasure": "500 g (1 kg = 1.98)",
            "category": "ESSEN & TRINKEN",
            "productUrl": "https://www.lidl.at/p/kohlsprossen/p10039873",
            "storeName": "LIDL"
        },
        {
            "productHash": "9fbc5643bbd6121a096c74523b0bfbc973ca937f",
            "productName": "Cherrystrauchtomaten aus Österreich",
            "currentPrice": "€2.29",
            "originalPrice": "€2.99",
            "discount": "23% OFF",
            "unitMeasure": "300 g (1 kg = 7.63)",
            "category": "ESSEN & TRINKEN",
            "productUrl": "https://www.lidl.at/p/cherrystrauchtomaten-aus-oesterreich/p10039874",
            "storeName": "LIDL"
        },
        {
            "productHash": "06b3f2eb84d2a431d42bc11df253cc12c1d5125c",
            "productName": "Grapefruit",
            "currentPrice": "€0.44",
            "originalPrice": "€N/A",
            "discount": "N/A",
            "unitMeasure": "Ab 2 Stück je Stk.",
            "category": "ESSEN & TRINKEN",
            "productUrl": "https://www.lidl.at/p/grapefruit/p10039875",
            "storeName": "LIDL"
        },
        {
            "productHash": "e0c466db590d6cfc15cced663ca7c233b11c68c0",
            "productName": "Halloween Donut",
            "currentPrice": "€0.69",
            "originalPrice": "€N/A",
            "discount": "N/A",
            "unitMeasure": "Stück",
            "category": "ESSEN & TRINKEN",
            "productUrl": "https://www.lidl.at/p/dots-halloween-donut/p10039876",
            "storeName": "LIDL"
        },
        {
            "productHash": "903266915de3b9d6b014d2768bc163e53ec756f1",
            "productName": "Krustenlaib",
            "currentPrice": "€1.29",
            "originalPrice": "€N/A",
            "discount": "N/A",
            "unitMeasure": "500 g (1 kg = 2.58)",
            "category": "ESSEN & TRINKEN",
            "productUrl": "https://www.lidl.at/p/krustenlaib/p10039877",
            "storeName": "LIDL"
        },
        {
            "productHash": "abf1571fc8b11457bba9699b9e8df59709154def",
            "productName": "Krustenlaib",
            "currentPrice": "€1.89",
            "originalPrice": "€N/A",
            "discount": "N/A",
            "unitMeasure": "500 g (1 kg = 3.78)",
            "category": "ESSEN & TRINKEN",
            "productUrl": "https://www.lidl.at/p/krustenlaib/p10039878",
            "storeName": "LIDL"
        },
        {
            "productHash": "e91907097d425cb12adfde4ebe3436f57662cb4c",
            "productName": "Kürbiskernweckerl",
            "currentPrice": "€0.46",
            "originalPrice": "€N/A",
            "discount": "N/A",
            "unitMeasure": "Ab 3 Stk. je Stk.",
            "category": "ESSEN & TRINKEN",
            "productUrl": "https://www.lidl.at/p/kuerbiskernweckerl/p10039879",
            "storeName": "LIDL"
        },
        {
            "productHash": "65beec3320cc8a268e32890d07cf0bd8ac56df28",
            "productName": "Frische Maishendl Leber",
            "currentPrice": "€2.49",
            "originalPrice": "€3.69",
            "discount": "33% OFF",
            "unitMeasure": "370 g (1 kg = 6.73)",
            "category": "ESSEN & TRINKEN",
            "productUrl": "https://www.lidl.at/p/wiesentaler-frische-maishendl-leber/p10039880",
            "storeName": "LIDL"
        },
        {
            "productHash": "b736407943a88ff54ba714bf762f93d9f8c274e0",
            "productName": "Frischer Puten Rollbraten",
            "currentPrice": "€6.39",
            "originalPrice": "€N/A",
            "discount": "N/A",
            "unitMeasure": "1 kg",
            "category": "ESSEN & TRINKEN",
            "productUrl": "https://www.lidl.at/p/wiesentaler-frischer-puten-rollbraten/p10039881",
            "storeName": "LIDL"
        },
        {
            "productHash": "1434b78a005eb16ef2a01d607734d64c48e54d57",
            "productName": "Frischer Schopfbraten",
            "currentPrice": "€7.99",
            "originalPrice": "€N/A",
            "discount": "N/A",
            "unitMeasure": "1,2 kg (1 kg = 6.66)",
            "category": "ESSEN & TRINKEN",
            "productUrl": "https://www.lidl.at/p/frischer-schopfbraten/p10039882",
            "storeName": "LIDL"
        },
        {
            "productHash": "d9bcfb9ba511432628a73dd5642a92249adc4134",
            "productName": "Frisches Rindsgulaschfleisch",
            "currentPrice": "€11.99",
            "originalPrice": "€N/A",
            "discount": "N/A",
            "unitMeasure": "1 kg",
            "category": "ESSEN & TRINKEN",
            "productUrl": "https://www.lidl.at/p/frisches-rindsgulaschfleisch/p10039883",
            "storeName": "LIDL"
        },
        {
            "productHash": "768b2dc64c43efb5a2d427db63e380ec9b064ee2",
            "productName": "Frischer Ofenlachs mariniert",
            "currentPrice": "€4.99",
            "originalPrice": "€5.99",
            "discount": "17% OFF",
            "unitMeasure": "250 g (1 kg = 19.96)",
            "category": "ESSEN & TRINKEN",
            "productUrl": "https://www.lidl.at/p/fischerstolz-frischer-ofenlachs-mariniert/p10039884",
            "storeName": "LIDL"
        },
        {
            "productHash": "06838a2237493e56038f70272f779593f88b0a37",
            "productName": "XXL Toastschinken",
            "currentPrice": "€2.79",
            "originalPrice": "€N/A",
            "discount": "N/A",
            "unitMeasure": "300 g (1 kg = 9.30)",
            "category": "ESSEN & TRINKEN",
            "productUrl": "https://www.lidl.at/p/wiesentaler-xxl-toastschinken/p10039885",
            "storeName": "LIDL"
        },
        {
            "productHash": "30669ab63a51f23fdf1bd8a3d954d7e6132d0270",
            "productName": "XXL Berner Würstel",
            "currentPrice": "€4.49",
            "originalPrice": "€N/A",
            "discount": "N/A",
            "unitMeasure": "600 g (1 kg = 7.48)",
            "category": "ESSEN & TRINKEN",
            "productUrl": "https://www.lidl.at/p/wiesentaler-xxl-berner-wuerstel/p10039886",
            "storeName": "LIDL"
        },
        {
            "productHash": "86a9f74ca5bf82f1f0ff0b7887e78cd089fcda7d",
            "productName": "Puten Aufschnitt",
            "currentPrice": "€3.49",
            "originalPrice": "€N/A",
            "discount": "N/A",
            "unitMeasure": "300 g (1 kg = 11.63)",
            "category": "ESSEN & TRINKEN",
            "productUrl": "https://www.lidl.at/p/dulano-puten-aufschnitt/p10039887",
            "storeName": "LIDL"
        },
        {
            "productHash": "291f97533a09192160aef0eae09c6beebc014dd6",
            "productName": "Kaiserfleisch",
            "currentPrice": "€7.99",
            "originalPrice": "€N/A",
            "discount": "N/A",
            "unitMeasure": "Z.B. je 600 g (1 kg = 13.32)",
            "category": "ESSEN & TRINKEN",
            "productUrl": "https://www.lidl.at/p/alpenfest-kaiserfleisch/p10039888",
            "storeName": "LIDL"
        },
        {
            "productHash": "cc2bb0fda9a11abf49d96fabeac7df93f733db4f",
            "productName": "Schmelzkäsescheiben",
            "currentPrice": "€1.79",
            "originalPrice": "€2.19",
            "discount": "18% OFF",
            "unitMeasure": "250 g (1 kg = 7.16)",
            "category": "ESSEN & TRINKEN",
            "productUrl": "https://www.lidl.at/p/milbona-schmelzkaesescheiben/p10039889",
            "storeName": "LIDL"
        },
        {
            "productHash": "41f1b0968bb7fce461ef3386a39835dac36bab18",
            "productName": "Sirius Camembert",
            "currentPrice": "€2.99",
            "originalPrice": "€N/A",
            "discount": "N/A",
            "unitMeasure": "300 g (1 kg = 9.97)",
            "category": "ESSEN & TRINKEN",
            "productUrl": "https://www.lidl.at/p/schaerdinger-sirius-camembert/p10039890",
            "storeName": "LIDL"
        },
        {
            "productHash": "4f34d9d9f0ce790211b7129c9ee37b063bd75f6b",
            "productName": "Landbaron in Scheiben",
            "currentPrice": "€7.29",
            "originalPrice": "€N/A",
            "discount": "N/A",
            "unitMeasure": "800 g (1 kg = 9.11)",
            "category": "ESSEN & TRINKEN",
            "productUrl": "https://www.lidl.at/p/alpengut-landbaron-in-scheiben/p10039891",
            "storeName": "LIDL"
        },
        {
            "productHash": "296973a52226c4c515804baeaed762856735c6ca",
            "productName": "Cabanossi",
            "currentPrice": "€2.79",
            "originalPrice": "€3.49",
            "discount": "20% OFF",
            "unitMeasure": "300 g (1 kg = 9.30)",
            "category": "ESSEN & TRINKEN",
            "productUrl": "https://www.lidl.at/p/wiesentaler-cabanossi/p10039892",
            "storeName": "LIDL"
        },
        {
            "productHash": "54fcf6a94edd93b7f020a70873fa0716e986f93a",
            "productName": "Frischer Blätterteig",
            "currentPrice": "€0.79",
            "originalPrice": "€-.99",
            "discount": "N/A",
            "unitMeasure": "Ab 2 Stk. je 275 g (1 kg = 2.87)",
            "category": "ESSEN & TRINKEN",
            "productUrl": "https://www.lidl.at/p/chef-select-frischer-blaetterteig/p10039893",
            "storeName": "LIDL"
        },
        {
            "productHash": "d20585b23488446f1f9d1d9a050df25a266304f9",
            "productName": "Müllermilch",
            "currentPrice": "€0.99",
            "originalPrice": "€N/A",
            "discount": "N/A",
            "unitMeasure": "400 ml (1 l = 2.48)",
            "category": "ESSEN & TRINKEN",
            "productUrl": "https://www.lidl.at/p/mueller-muellermilch/p10039894",
            "storeName": "LIDL"
        },
        {
            "productHash": "b3d8602175710316fb436d20b9c632f28305454c",
            "productName": "Café to Go",
            "currentPrice": "€0.89",
            "originalPrice": "€N/A",
            "discount": "N/A",
            "unitMeasure": "250 ml (1 l = 3.56)",
            "category": "ESSEN & TRINKEN",
            "productUrl": "https://www.lidl.at/p/noem-cafe-to-go/p10039895",
            "storeName": "LIDL"
        },
        {
            "productHash": "b661f97bf19516b35982d0c3242f1c6964dad5f7",
            "productName": "Knusperjoghurt 2 Kammern",
            "currentPrice": "€0.46",
            "originalPrice": "€N/A",
            "discount": "N/A",
            "unitMeasure": "Ab 3 Becher je 175 g (1 kg = 2.63)",
            "category": "ESSEN & TRINKEN",
            "productUrl": "https://www.lidl.at/p/milbona-knusperjoghurt-2-kammern/p10039896",
            "storeName": "LIDL"
        },
        {
            "productHash": "10d22d68405918383c210e48ffdd38d0c11cc877",
            "productName": "Naturjoghurt",
            "currentPrice": "€0.99",
            "originalPrice": "€1.19",
            "discount": "17% OFF",
            "unitMeasure": "4x 150 g (1 kg = 1.65 )",
            "category": "ESSEN & TRINKEN",
            "productUrl": "https://www.lidl.at/p/milbona-naturjoghurt/p10039897",
            "storeName": "LIDL"
        },
        {
            "productHash": "d83286556eef62464cd941b3e5c845e6fdd4194a",
            "productName": "Bergkäse",
            "currentPrice": "€8.99",
            "originalPrice": "€N/A",
            "discount": "N/A",
            "unitMeasure": "600 g (1 kg = 14.98)",
            "category": "ESSEN & TRINKEN",
            "productUrl": "https://www.lidl.at/p/walserstolz-bergkaese/p10039898",
            "storeName": "LIDL"
        },
        {
            "productHash": "409ba15370da2229de8d0f4c25dcc3b27155554f",
            "productName": "Ofenkäse",
            "currentPrice": "€4.99",
            "originalPrice": "€N/A",
            "discount": "N/A",
            "unitMeasure": "320 g (1 kg = 15.59)",
            "category": "ESSEN & TRINKEN",
            "productUrl": "https://www.lidl.at/p/rougette-ofenkaese/p10039899",
            "storeName": "LIDL"
        },
        {
            "productHash": "cdcd847bd905ce2f6a0377572d17a1e0617e81a6",
            "productName": "Kefir natur",
            "currentPrice": "€0.79",
            "originalPrice": "€-.99",
            "discount": "N/A",
            "unitMeasure": "Ab 2 Stk. je 500 g (1 kg = 1.58)",
            "category": "ESSEN & TRINKEN",
            "productUrl": "https://www.lidl.at/p/alpengut-kefir-natur/p10039900",
            "storeName": "LIDL"
        },
        {
            "productHash": "a252309a893a51f294f4c698c19371080b382a3c",
            "productName": "Steinofen Flammkuchen/Pizza",
            "currentPrice": "€4.99",
            "originalPrice": "€N/A",
            "discount": "N/A",
            "unitMeasure": "600/700 g (1 kg = 8.32/7.13)",
            "category": "ESSEN & TRINKEN",
            "productUrl": "https://www.lidl.at/p/original-wagner-steinofen-flammkuchen-pizza/p10039901",
            "storeName": "LIDL"
        },
        {
            "productHash": "db6911b82614d7c9144f13d22f5700a892d7e2d1",
            "productName": "Bio Eier",
            "currentPrice": "€4.49",
            "originalPrice": "€N/A",
            "discount": "N/A",
            "unitMeasure": "12 Stück (1 Stk. = 0.37)",
            "category": "ESSEN & TRINKEN",
            "productUrl": "https://www.lidl.at/p/ein-gutes-stueck-heimat-bio-eier/p10039902",
            "storeName": "LIDL"
        },
        {
            "productHash": "36632ffe88158ce1346a859dfbda62f675dc2a1a",
            "productName": "Kaffee Gold im Geschenk-set",
            "currentPrice": "€6.99",
            "originalPrice": "€N/A",
            "discount": "N/A",
            "unitMeasure": "500 g (1 kg = 13.98)",
            "category": "ESSEN & TRINKEN",
            "productUrl": "https://www.lidl.at/p/grand-kaffee-gold-im-geschenk-set/p10039903",
            "storeName": "LIDL"
        },
        {
            "productHash": "66981610969688a5032f88ab2c08d3b333a90af7",
            "productName": "Classic",
            "currentPrice": "€6.99",
            "originalPrice": "€13.49",
            "discount": "48% OFF",
            "unitMeasure": "200 g (1 kg = 34.95)",
            "category": "ESSEN & TRINKEN",
            "productUrl": "https://www.lidl.at/p/nescafe-classic/p10039904",
            "storeName": "LIDL"
        },
        {
            "productHash": "417943f89dcde536b7ac96f6daddb61589b2bc4e",
            "productName": "Birnen in Traubensaft",
            "currentPrice": "€1.66",
            "originalPrice": "€N/A",
            "discount": "N/A",
            "unitMeasure": "Ab 12 Dosen je 850 ml (1 l = 1.95)",
            "category": "ESSEN & TRINKEN",
            "productUrl": "https://www.lidl.at/p/freshona-birnen-in-traubensaft/p10039905",
            "storeName": "LIDL"
        },
        {
            "productHash": "b248fa6a360ab3143a340fb79e6eb2e922991b61",
            "productName": "Milch Kakao",
            "currentPrice": "€0.99",
            "originalPrice": "€N/A",
            "discount": "N/A",
            "unitMeasure": "3x 200 ml (1 l = 1.65)",
            "category": "ESSEN & TRINKEN",
            "productUrl": "https://www.lidl.at/p/gmundner-milch-kakao/p10039906",
            "storeName": "LIDL"
        },
        {
            "productHash": "17166001ecaa25ee5140978e204a0da965eef689",
            "productName": "Landbrot 100% Dinkel",
            "currentPrice": "€3.19",
            "originalPrice": "€3.99",
            "discount": "20% OFF",
            "unitMeasure": "450 g (1 kg = 7.09)",
            "category": "ESSEN & TRINKEN",
            "productUrl": "https://www.lidl.at/p/oelz-landbrot-100-dinkel/p10039907",
            "storeName": "LIDL"
        },
        {
            "productHash": "c52422dcadcbb9977792db0dccbcc97339dc01cb",
            "productName": "Bio Natives Olivenöl Extra",
            "currentPrice": "€8.29",
            "originalPrice": "€9.95",
            "discount": "17% OFF",
            "unitMeasure": "0,75 Liter (1 l = 11.05)",
            "category": "ESSEN & TRINKEN",
            "productUrl": "https://www.lidl.at/p/primadonna-bio-natives-olivenoel-extra/p10039908",
            "storeName": "LIDL"
        },
        {
            "productHash": "542882cf323ba9a7855232878afba90d3f7713e2",
            "productName": "Bueno",
            "currentPrice": "€1.99",
            "originalPrice": "€N/A",
            "discount": "N/A",
            "unitMeasure": "117/129 g (1 kg = 17.01/15.43)",
            "category": "ESSEN & TRINKEN",
            "productUrl": "https://www.lidl.at/p/kinder-bueno/p10039909",
            "storeName": "LIDL"
        },
        {
            "productHash": "3cc14f8a13b463ac1c67273a8c74de8839904710",
            "productName": "Duplo, Riegel oder Country",
            "currentPrice": "€2.89",
            "originalPrice": "€N/A",
            "discount": "N/A",
            "unitMeasure": "182-211,5 g (1 kg = 15.88-13.66)",
            "category": "ESSEN & TRINKEN",
            "productUrl": "https://www.lidl.at/p/kinder-duplo-riegel-oder-country/p10039910",
            "storeName": "LIDL"
        },
        {
            "productHash": "e21eeab24ccd2682407ff0e9f537cb2277510b73",
            "productName": "Apfelsaft gespritzt oder Leichter Apfel",
            "currentPrice": "€0.36",
            "originalPrice": "€N/A",
            "discount": "N/A",
            "unitMeasure": "Ab 9 Fl. je 0,5 l (1 l = 0.72)",
            "category": "ESSEN & TRINKEN",
            "productUrl": "https://www.lidl.at/p/freeway-apfelsaft-gespritzt-oder-leichter-apfel/p10039911",
            "storeName": "LIDL"
        },
        {
            "productHash": "bb63325efcdf5e75760c32d8c96d9f30e314f525",
            "productName": "Mineralwasser",
            "currentPrice": "€0.32",
            "originalPrice": "€N/A",
            "discount": "N/A",
            "unitMeasure": "Ab 6 Fl. je 1,5 l (1 l = 0.21)",
            "category": "ESSEN & TRINKEN",
            "productUrl": "https://www.lidl.at/p/juvina-mineralwasser/p10039912",
            "storeName": "LIDL"
        },
        {
            "productHash": "d241b427a49744baca1137230aacb9697b24d318",
            "productName": "Giotto",
            "currentPrice": "€3.19",
            "originalPrice": "€N/A",
            "discount": "N/A",
            "unitMeasure": "154 g (1 kg = 20.71)",
            "category": "ESSEN & TRINKEN",
            "productUrl": "https://www.lidl.at/p/ferrero-giotto/p10039913",
            "storeName": "LIDL"
        },
        {
            "productHash": "acb4b1f2e2f23f476594b4235ebff0dbfe1c49df",
            "productName": "Limonade",
            "currentPrice": "€0.99",
            "originalPrice": "€N/A",
            "discount": "N/A",
            "unitMeasure": "1 l",
            "category": "ESSEN & TRINKEN",
            "productUrl": "https://www.lidl.at/p/almdudler-limonade/p10039914",
            "storeName": "LIDL"
        },
        {
            "productHash": "bfefa07e506c97f9016490782086f713b5d06d12",
            "productName": "Limonade",
            "currentPrice": "€0.69",
            "originalPrice": "€N/A",
            "discount": "N/A",
            "unitMeasure": "0,5 l (1 l = 1.38)",
            "category": "ESSEN & TRINKEN",
            "productUrl": "https://www.lidl.at/p/keli-limonade/p10039915",
            "storeName": "LIDL"
        },
        {
            "productHash": "81079a506929bd6bd9491c6f05e0d577daf1912a",
            "productName": "Thunfischfilets",
            "currentPrice": "€5.99",
            "originalPrice": "€N/A",
            "discount": "N/A",
            "unitMeasure": "4x 185 g (1 kg = 8.09)",
            "category": "ESSEN & TRINKEN",
            "productUrl": "https://www.lidl.at/p/nixe-thunfischfilets/p10039916",
            "storeName": "LIDL"
        },
        {
            "productHash": "4fd84ff79ef84351449917b24f6781b427cdac1b",
            "productName": "Cola, Zero oder Fanta",
            "currentPrice": "€4.72",
            "originalPrice": "€N/A",
            "discount": "N/A",
            "unitMeasure": "8x 0,33 l (1 l = 1.79)",
            "category": "ESSEN & TRINKEN",
            "productUrl": "https://www.lidl.at/p/coca-cola-cola-zero-oder-fanta/p10039919",
            "storeName": "LIDL"
        },
        {
            "productHash": "25ffe4476945ffb6d723779fcb616889cc709519",
            "productName": "Cola, Zero oder Fanta",
            "currentPrice": "€5.20",
            "originalPrice": "€N/A",
            "discount": "N/A",
            "unitMeasure": "8x 0,33 l (1 l = 1.97)",
            "category": "ESSEN & TRINKEN",
            "productUrl": "https://www.lidl.at/p/coca-cola-cola-zero-oder-fanta/p10039920",
            "storeName": "LIDL"
        },
        {
            "productHash": "5e1c667f2997ae3ab3494991348f3c58deb4cc3d",
            "productName": "Activia",
            "currentPrice": "€3.49",
            "originalPrice": "€N/A",
            "discount": "N/A",
            "unitMeasure": "8x 115 g (1 kg = 3.79)",
            "category": "ESSEN & TRINKEN",
            "productUrl": "https://www.lidl.at/p/danone-activia/p10039921",
            "storeName": "LIDL"
        },
        {
            "productHash": "fdd8f9ff66c97f948e9d6ae99bbd7392437f2dc4",
            "productName": "Activia",
            "currentPrice": "€3.69",
            "originalPrice": "€N/A",
            "discount": "N/A",
            "unitMeasure": "8x 115 g (1 kg = 4.01)",
            "category": "ESSEN & TRINKEN",
            "productUrl": "https://www.lidl.at/p/danone-activia/p10039922",
            "storeName": "LIDL"
        },
        {
            "productHash": "d2b7e31f4c7d9c95d187fcaab9562bd290855bba",
            "productName": "Premium King Prawns",
            "currentPrice": "€7.99",
            "originalPrice": "€9.99",
            "discount": "20% OFF",
            "unitMeasure": "450 g (1 kg = 17.76)",
            "category": "ESSEN & TRINKEN",
            "productUrl": "https://www.lidl.at/p/ocean-sea-premium-king-prawns/p10039923",
            "storeName": "LIDL"
        },
        {
            "productHash": "75629f286711f5c867055696d4554fa0a023ba04",
            "productName": "Braunschweiger",
            "currentPrice": "€2.79",
            "originalPrice": "€3.69",
            "discount": "24% OFF",
            "unitMeasure": "500 g (1 kg = 5.58)",
            "category": "ESSEN & TRINKEN",
            "productUrl": "https://www.lidl.at/p/wiesentaler-braunschweiger/p10039924",
            "storeName": "LIDL"
        },
        {
            "productHash": "9bc96f5d4e3dc30abeba081c29ac62ac3ab79112",
            "productName": "Streichkäse",
            "currentPrice": "€1.99",
            "originalPrice": "€N/A",
            "discount": "N/A",
            "unitMeasure": "175 g (1 kg = 11.37)",
            "category": "ESSEN & TRINKEN",
            "productUrl": "https://www.lidl.at/p/rupp-streichkaese/p10039925",
            "storeName": "LIDL"
        },
        {
            "productHash": "448c55d036ded9360f1ee2cde07b7615a9bc1d62",
            "productName": "Streichkäse",
            "currentPrice": "€2.19",
            "originalPrice": "€N/A",
            "discount": "N/A",
            "unitMeasure": "175 g (1 kg = 12.51)",
            "category": "ESSEN & TRINKEN",
            "productUrl": "https://www.lidl.at/p/rupp-streichkaese/p10039926",
            "storeName": "LIDL"
        },
        {
            "productHash": "8010952b2f5239e9a79935d6906504905f1494d1",
            "productName": "Schlagobers",
            "currentPrice": "€2.29",
            "originalPrice": "€2.79",
            "discount": "18% OFF",
            "unitMeasure": "Ab 2 Pkg. je 500 ml (1 l = 4.58)",
            "category": "ESSEN & TRINKEN",
            "productUrl": "https://www.lidl.at/p/alpengut-schlagobers/p10039927",
            "storeName": "LIDL"
        },
        {
            "productHash": "4759ad6e3867611313a0a0b5fb4e82b4076005fe",
            "productName": "Skyr",
            "currentPrice": "€1.49",
            "originalPrice": "€1.79",
            "discount": "17% OFF",
            "unitMeasure": "500 g (1 kg = 2.98)",
            "category": "ESSEN & TRINKEN",
            "productUrl": "https://www.lidl.at/p/milbona-skyr/p10039928",
            "storeName": "LIDL"
        },
        {
            "productHash": "a25c84c8be3c62bb8f7880860589c1f322177f25",
            "productName": "Tafelschokolade",
            "currentPrice": "€1.29",
            "originalPrice": "€1.99",
            "discount": "35% OFF",
            "unitMeasure": "87-100 g (1 kg = 14.83-12.90)",
            "category": "ESSEN & TRINKEN",
            "productUrl": "https://www.lidl.at/p/milka-tafelschokolade/p10039929",
            "storeName": "LIDL"
        },
        {
            "productHash": "3f20c1e4be281f54bbe9d4d2f10013487ee5d51c",
            "productName": "Tafelschokolade",
            "currentPrice": "€1.39",
            "originalPrice": "€1.99",
            "discount": "30% OFF",
            "unitMeasure": "87-100 g (1 kg = 15.98-13.90)",
            "category": "ESSEN & TRINKEN",
            "productUrl": "https://www.lidl.at/p/milka-tafelschokolade/p10039930",
            "storeName": "LIDL"
        },
        {
            "productHash": "00d411bfde138a4eca2e796311e65809358f63d9",
            "productName": "Christrose in Schale",
            "currentPrice": "€8.99",
            "originalPrice": "€9.99",
            "discount": "10% OFF",
            "unitMeasure": "Je",
            "category": "ESSEN & TRINKEN",
            "productUrl": "https://www.lidl.at/p/christrose-in-schale/p10040003",
            "storeName": "LIDL"
        },
        {
            "productHash": "91be764dbe215ddf45b0b74fe02abb6b72f0f114",
            "productName": "Mini Weihnachtsfiguren",
            "currentPrice": "€2.99",
            "originalPrice": "€N/A",
            "discount": "N/A",
            "unitMeasure": "125 g (1 kg = 23.92)",
            "category": "ESSEN & TRINKEN",
            "productUrl": "https://www.lidl.at/p/favorina-mini-weihnachtsfiguren/p10040054",
            "storeName": "LIDL"
        },
        {
            "productHash": "2ae03d9540d1b1e0d7ba7d5c2e6db65e546e44ee",
            "productName": "Birnen",
            "currentPrice": "€1.49",
            "originalPrice": "€2.29",
            "discount": "35% OFF",
            "unitMeasure": "1 kg",
            "category": "ESSEN & TRINKEN",
            "productUrl": "https://www.lidl.at/p/birnen/p10040055",
            "storeName": "LIDL"
        },
        {
            "productHash": "ffebff1efec2d487e08cd07b8fb5d6192bac435b",
            "productName": "Bio Champignons braun aus Tirol",
            "currentPrice": "€1.79",
            "originalPrice": "€2.99",
            "discount": "40% OFF",
            "unitMeasure": "250 g (1 kg = 7.16)",
            "category": "ESSEN & TRINKEN",
            "productUrl": "https://www.lidl.at/p/bio-champignons-braun-aus-tirol/p10040056",
            "storeName": "LIDL"
        },
        {
            "productHash": "a29850f78a4d609900de9637584d3e7d12a1ff86",
            "productName": "Bio Champignons braun aus Tirol",
            "currentPrice": "€1.99",
            "originalPrice": "€2.99",
            "discount": "33% OFF",
            "unitMeasure": "250 g (1 kg = 7.96)",
            "category": "ESSEN & TRINKEN",
            "productUrl": "https://www.lidl.at/p/bio-champignons-braun-aus-tirol/p10040057",
            "storeName": "LIDL"
        },
        {
            "productHash": "8d2c07179dcb5ae806fa141305cdbf0d3e0738a2",
            "productName": "Bio Sellerie aus Österreich",
            "currentPrice": "€1.49",
            "originalPrice": "€2.49",
            "discount": "40% OFF",
            "unitMeasure": "kg",
            "category": "ESSEN & TRINKEN",
            "productUrl": "https://www.lidl.at/p/bio-sellerie-aus-oesterreich/p10040058",
            "storeName": "LIDL"
        },
        {
            "productHash": "3e4f8e0b7b4915b31a856f8a05380ba57397efc9",
            "productName": "Bio Zitronen",
            "currentPrice": "€0.44",
            "originalPrice": "€-.89",
            "discount": "N/A",
            "unitMeasure": "Stück",
            "category": "ESSEN & TRINKEN",
            "productUrl": "https://www.lidl.at/p/bio-zitronen/p10040059",
            "storeName": "LIDL"
        },
        {
            "productHash": "ae843d69e1a35b0d0dfe323578779fc9a82338f7",
            "productName": "Nuss- Nougat Stange",
            "currentPrice": "€0.89",
            "originalPrice": "€N/A",
            "discount": "N/A",
            "unitMeasure": "Stück",
            "category": "ESSEN & TRINKEN",
            "productUrl": "https://www.lidl.at/p/nuss-nougat-stange/p10040060",
            "storeName": "LIDL"
        },
        {
            "productHash": "93cd34e6680990cef9319a0a008e68a36d9c2789",
            "productName": "Bio Korntaler",
            "currentPrice": "€0.46",
            "originalPrice": "€N/A",
            "discount": "N/A",
            "unitMeasure": "ab 3 Stk je",
            "category": "ESSEN & TRINKEN",
            "productUrl": "https://www.lidl.at/p/bio-korntaler/p10040061",
            "storeName": "LIDL"
        },
        {
            "productHash": "3a7df985ba6b6acb3468275443526e93b2d8e01f",
            "productName": "Baguette",
            "currentPrice": "€0.69",
            "originalPrice": "€-.89",
            "discount": "N/A",
            "unitMeasure": "250 g (1 kg = 2.76)",
            "category": "ESSEN & TRINKEN",
            "productUrl": "https://www.lidl.at/p/baguette/p10040062",
            "storeName": "LIDL"
        },
        {
            "productHash": "c13f5c785e409d058338e74e289c2565f191dfe8",
            "productName": "Original französisches Baguette",
            "currentPrice": "€0.99",
            "originalPrice": "€1.39",
            "discount": "29% OFF",
            "unitMeasure": "400 g (1 kg = 2.48)",
            "category": "ESSEN & TRINKEN",
            "productUrl": "https://www.lidl.at/p/original-franzoesisches-baguette/p10040063",
            "storeName": "LIDL"
        },
        {
            "productHash": "430bfbdb7c6d303e0c3fb2332f9745dd84891646",
            "productName": "Frische Puten-Minifilets",
            "currentPrice": "€3.49",
            "originalPrice": "€4.89",
            "discount": "29% OFF",
            "unitMeasure": "400 g (1 kg = 8.73)",
            "category": "ESSEN & TRINKEN",
            "productUrl": "https://www.lidl.at/p/gefluegelhof-frische-puten-minifilets/p10040064",
            "storeName": "LIDL"
        },
        {
            "productHash": "99432aa567d2a7cb536a28db7ed9fa214f35d7b5",
            "productName": "Frische Hendl Flügerl",
            "currentPrice": "€4.99",
            "originalPrice": "€N/A",
            "discount": "N/A",
            "unitMeasure": "1 kg",
            "category": "ESSEN & TRINKEN",
            "productUrl": "https://www.lidl.at/p/frische-hendl-fluegerl/p10040065",
            "storeName": "LIDL"
        },
        {
            "productHash": "513c38d117a6d3115f885269a7780964acfbd11d",
            "productName": "Frisches Faschiertes vom Schwein",
            "currentPrice": "€4.79",
            "originalPrice": "€N/A",
            "discount": "N/A",
            "unitMeasure": "800 g (1 kg = 5.99)",
            "category": "ESSEN & TRINKEN",
            "productUrl": "https://www.lidl.at/p/frisches-faschiertes-vom-schwein/p10040066",
            "storeName": "LIDL"
        },
        {
            "productHash": "edcdacbc4916908c434134b2592a47c5ae9fc257",
            "productName": "Tierwohl Schweinefilet",
            "currentPrice": "€6.99",
            "originalPrice": "€N/A",
            "discount": "N/A",
            "unitMeasure": "Z.B.: je 500 g (1 kg = 13.98)",
            "category": "ESSEN & TRINKEN",
            "productUrl": "https://www.lidl.at/p/wiesentaler-tierwohl-schweinefilet/p10040067",
            "storeName": "LIDL"
        },
        {
            "productHash": "71d49b6897ea54007eb13a188eeba1c8cc851624",
            "productName": "MSC Kabeljau",
            "currentPrice": "€5.99",
            "originalPrice": "€N/A",
            "discount": "N/A",
            "unitMeasure": "250 g (1 kg = 23.96)",
            "category": "ESSEN & TRINKEN",
            "productUrl": "https://www.lidl.at/p/msc-kabeljau/p10040068",
            "storeName": "LIDL"
        },
        {
            "productHash": "5f00069bb41e471228202c36727a486bd7ea8d3b",
            "productName": "Leichte Kalbspariser oder Extrawurst",
            "currentPrice": "€1.29",
            "originalPrice": "€1.79",
            "discount": "28% OFF",
            "unitMeasure": "130/​200 g (1 kg = 9.92/​6.45)",
            "category": "ESSEN & TRINKEN",
            "productUrl": "https://www.lidl.at/p/wiesentaler-leichte-kalbspariser-oder-extrawurst/p10040069",
            "storeName": "LIDL"
        },
        {
            "productHash": "ffc8743846720f4c6800d72474f8daf20bdc8b20",
            "productName": "Röstgemüse Vier Jahreszeiten",
            "currentPrice": "€2.99",
            "originalPrice": "€3.99",
            "discount": "25% OFF",
            "unitMeasure": "400 g (1 kg = 7.48)",
            "category": "ESSEN & TRINKEN",
            "productUrl": "https://www.lidl.at/p/iglo-roestgemuese-vier-jahreszeiten/p10040070",
            "storeName": "LIDL"
        },
        {
            "productHash": "3b6629717afbf1f68d67f441e19eef6d80214280",
            "productName": "Kashkaval",
            "currentPrice": "€4.99",
            "originalPrice": "€5.99",
            "discount": "17% OFF",
            "unitMeasure": "750 g (1 kg = 6.65)",
            "category": "ESSEN & TRINKEN",
            "productUrl": "https://www.lidl.at/p/milbona-kashkaval/p10040071",
            "storeName": "LIDL"
        },
        {
            "productHash": "4d118c566d3f55f7cbb1734655ca9f44b333fa85",
            "productName": "Hendl Nuggets",
            "currentPrice": "€3.59",
            "originalPrice": "€4.49",
            "discount": "20% OFF",
            "unitMeasure": "500 g (1 kg = 7.18)",
            "category": "ESSEN & TRINKEN",
            "productUrl": "https://www.lidl.at/p/chef-select-hendl-nuggets/p10040072",
            "storeName": "LIDL"
        },
        {
            "productHash": "7d830a9b40c4636ac15091da713de4d80cc5043a",
            "productName": "Natives Olivenöl extra",
            "currentPrice": "€5.49",
            "originalPrice": "€6.99",
            "discount": "21% OFF",
            "unitMeasure": "750 ml (1 l = 7.32)",
            "category": "ESSEN & TRINKEN",
            "productUrl": "https://www.lidl.at/p/primadonna-natives-olivenoel-extra/p10040073",
            "storeName": "LIDL"
        },
        {
            "productHash": "340fe098b02da1b13c202f5f99db45dcaed5903c",
            "productName": "Pepsi Cola, Zero Cola, Mirinda",
            "currentPrice": "€0.55",
            "originalPrice": "€N/A",
            "discount": "N/A",
            "unitMeasure": "0,33 l (1 l = 1.67)",
            "category": "ESSEN & TRINKEN",
            "productUrl": "https://www.lidl.at/p/pepsi-cola-zero-cola-mirinda/p10040074",
            "storeName": "LIDL"
        },
        {
            "productHash": "3b6bef0d58d3a0da2815e282d5db76eff04284ad",
            "productName": "Pepsi Cola, Zero Cola, Mirinda",
            "currentPrice": "€0.59",
            "originalPrice": "€N/A",
            "discount": "N/A",
            "unitMeasure": "0,33 l (1 l = 1.79)",
            "category": "ESSEN & TRINKEN",
            "productUrl": "https://www.lidl.at/p/pepsi-cola-zero-cola-mirinda/p10040075",
            "storeName": "LIDL"
        },
        {
            "productHash": "28ab34493bad14d23f55d5bbc18c47071cc4ceff",
            "productName": "Croissant mit Cremefüllung",
            "currentPrice": "€1.39",
            "originalPrice": "€1.79",
            "discount": "22% OFF",
            "unitMeasure": "5x 48 g (1 kg = 5.79)",
            "category": "ESSEN & TRINKEN",
            "productUrl": "https://www.lidl.at/p/kuchenzauber-croissant-mit-cremefuellung/p10040076",
            "storeName": "LIDL"
        },
        {
            "productHash": "13b7a205e85d4c75dbec081ff479fbb3b99a570a",
            "productName": "Schokoriegel",
            "currentPrice": "€1.69",
            "originalPrice": "€2.49",
            "discount": "32% OFF",
            "unitMeasure": "150-168 g (1 kg = 11.27-10.06)",
            "category": "ESSEN & TRINKEN",
            "productUrl": "https://www.lidl.at/p/nestle-schokoriegel/p10040077",
            "storeName": "LIDL"
        },
        {
            "productHash": "1b408f6fe28c20f7b5793ac6354fe71c5aeac932",
            "productName": "Schokoriegel",
            "currentPrice": "€1.79",
            "originalPrice": "€2.49",
            "discount": "28% OFF",
            "unitMeasure": "150-168 g (1 kg = 11.93-10.65)",
            "category": "ESSEN & TRINKEN",
            "productUrl": "https://www.lidl.at/p/nestle-schokoriegel/p10040078",
            "storeName": "LIDL"
        },
        {
            "productHash": "6b1e9cc490090f1b4a0d4294a3d96890ea27c95b",
            "productName": "Leberkäse im Stück",
            "currentPrice": "€2.39",
            "originalPrice": "€3.29",
            "discount": "27% OFF",
            "unitMeasure": "400 g (1 kg = 5.98)",
            "category": "ESSEN & TRINKEN",
            "productUrl": "https://www.lidl.at/p/wiesentaler-leberkaese-im-stueck/p10040079",
            "storeName": "LIDL"
        },
        {
            "productHash": "84b8bcc22d996d1dcf8bcad14cb847e76420008d",
            "productName": "Hausgeselchtes oder Schwarzwälder",
            "currentPrice": "€1.79",
            "originalPrice": "€2.49",
            "discount": "28% OFF",
            "unitMeasure": "100/150 g (1 kg = 17.90/11.93)",
            "category": "ESSEN & TRINKEN",
            "productUrl": "https://www.lidl.at/p/wiesentaler-hausgeselchtes-oder-schwarzwaelder/p10040080",
            "storeName": "LIDL"
        },
        {
            "productHash": "7acb28635f24843fb2c44668c7b46d463b952bf6",
            "productName": "Käsekrainer",
            "currentPrice": "€2.79",
            "originalPrice": "€N/A",
            "discount": "N/A",
            "unitMeasure": "340 g (1 kg = 8.21)",
            "category": "ESSEN & TRINKEN",
            "productUrl": "https://www.lidl.at/p/wiesentaler-kaesekrainer/p10040081",
            "storeName": "LIDL"
        },
        {
            "productHash": "e137323b7066a671fe8949a5cef450b82349b196",
            "productName": "Tiroler Speck",
            "currentPrice": "€2.79",
            "originalPrice": "€3.79",
            "discount": "26% OFF",
            "unitMeasure": "150 g (1 kg = 18.60)",
            "category": "ESSEN & TRINKEN",
            "productUrl": "https://www.lidl.at/p/wiesentaler-tiroler-speck/p10040082",
            "storeName": "LIDL"
        },
        {
            "productHash": "a99d63adb2e3e10ede3471d6d9e1e41f29e51871",
            "productName": "Hirtenkäse",
            "currentPrice": "€1.99",
            "originalPrice": "€2.49",
            "discount": "20% OFF",
            "unitMeasure": "250 g (1 kg = 7.96)",
            "category": "ESSEN & TRINKEN",
            "productUrl": "https://www.lidl.at/p/milbona-hirtenkaese/p10040083",
            "storeName": "LIDL"
        },
        {
            "productHash": "7e1e870ce59460da920abcba5d07196f948bb698",
            "productName": "Echte irische Butter",
            "currentPrice": "€1.99",
            "originalPrice": "€2.49",
            "discount": "20% OFF",
            "unitMeasure": "250 g (1 kg = 7.96)",
            "category": "ESSEN & TRINKEN",
            "productUrl": "https://www.lidl.at/p/milbona-echte-irische-butter/p10040103",
            "storeName": "LIDL"
        },
        {
            "productHash": "1d5a0002d5fec7c29580cafca49ceacddeaee560",
            "productName": "Teebutter",
            "currentPrice": "€1.59",
            "originalPrice": "€1.79",
            "discount": "11% OFF",
            "unitMeasure": "250 g (1 kg = 6.36)",
            "category": "ESSEN & TRINKEN",
            "productUrl": "https://www.lidl.at/p/alpengut-teebutter/p10040104",
            "storeName": "LIDL"
        },
        {
            "productHash": "cd7df4fae1b5f67f8b79750a5ec65ab30bbc0c00",
            "productName": "Heidelbeeren",
            "currentPrice": "€0.99",
            "originalPrice": "€1.99",
            "discount": "50% OFF",
            "unitMeasure": "125 g Pkg. (1 kg = 7.92)",
            "category": "ESSEN & TRINKEN",
            "productUrl": "https://www.lidl.at/p/heidelbeeren/p10040105",
            "storeName": "LIDL"
        },
        {
            "productHash": "b3c72310686d01aa87a44b8bc184b24992cda9cd",
            "productName": "Kaki",
            "currentPrice": "€1.00",
            "originalPrice": "€N/A",
            "discount": "N/A",
            "unitMeasure": "2 Stk.",
            "category": "ESSEN & TRINKEN",
            "productUrl": "https://www.lidl.at/p/kaki/p10040106",
            "storeName": "LIDL"
        },
        {
            "productHash": "805e54044ec4d1125acc3af99c1feffbe3beea5c",
            "productName": "Strauchtomaten aus Österreich",
            "currentPrice": "€2.19",
            "originalPrice": "€3.29",
            "discount": "33% OFF",
            "unitMeasure": "kg",
            "category": "ESSEN & TRINKEN",
            "productUrl": "https://www.lidl.at/p/strauchtomaten-aus-oesterreich/p10040107",
            "storeName": "LIDL"
        },
        {
            "productHash": "2e608e28375bd6d249362c67f8c5ec1bf6c6e7a3",
            "productName": "Strauchtomaten aus Österreich",
            "currentPrice": "€2.49",
            "originalPrice": "€3.29",
            "discount": "24% OFF",
            "unitMeasure": "kg",
            "category": "ESSEN & TRINKEN",
            "productUrl": "https://www.lidl.at/p/strauchtomaten-aus-oesterreich/p10040108",
            "storeName": "LIDL"
        },
        {
            "productHash": "b200c287bb225a4e018afc8f29cbc3717464ccfd",
            "productName": "Weißkraut aus Österreich",
            "currentPrice": "€0.79",
            "originalPrice": "€1.19",
            "discount": "34% OFF",
            "unitMeasure": "kg",
            "category": "ESSEN & TRINKEN",
            "productUrl": "https://www.lidl.at/p/weisskraut-aus-oesterreich/p10040109",
            "storeName": "LIDL"
        },
        {
            "productHash": "62e07f80f809e1ad16525ad44fae76eb17aa7622",
            "productName": "Bio Speisekartoffeln aus Österreich",
            "currentPrice": "€3.00",
            "originalPrice": "€N/A",
            "discount": "N/A",
            "unitMeasure": "3 kg (1 kg = 1.00)",
            "category": "ESSEN & TRINKEN",
            "productUrl": "https://www.lidl.at/p/bio-speisekartoffeln-aus-oesterreich/p10040110",
            "storeName": "LIDL"
        },
        {
            "productHash": "d9cd2017fa8c96118328aae15b07d6bd8480d023",
            "productName": "Pinky Donut",
            "currentPrice": "€0.55",
            "originalPrice": "€-.65",
            "discount": "N/A",
            "unitMeasure": "Stück",
            "category": "ESSEN & TRINKEN",
            "productUrl": "https://www.lidl.at/p/pinky-donut/p10040111",
            "storeName": "LIDL"
        },
        {
            "productHash": "e0bff206f00959bd913b75b5182a1b74850d8bec",
            "productName": "Himbeer Joghurt-Stange",
            "currentPrice": "€0.99",
            "originalPrice": "€N/A",
            "discount": "N/A",
            "unitMeasure": "Stück",
            "category": "ESSEN & TRINKEN",
            "productUrl": "https://www.lidl.at/p/himbeer-joghurt-stange/p10040112",
            "storeName": "LIDL"
        },
        {
            "productHash": "2f43ff1477a4e53fb48b391e563616c7f95c6d64",
            "productName": "Hausbrot",
            "currentPrice": "€1.29",
            "originalPrice": "€1.69",
            "discount": "24% OFF",
            "unitMeasure": "1 kg",
            "category": "ESSEN & TRINKEN",
            "productUrl": "https://www.lidl.at/p/hausbrot/p10040113",
            "storeName": "LIDL"
        },
        {
            "productHash": "2c31f6b5b2dd2aadc9f9fbc96f2d2149a365341b",
            "productName": "Frische Cevapcici",
            "currentPrice": "€2.59",
            "originalPrice": "€3.29",
            "discount": "21% OFF",
            "unitMeasure": "400/​500 g (1 kg = 6.48/​5.18)",
            "category": "ESSEN & TRINKEN",
            "productUrl": "https://www.lidl.at/p/frische-cevapcici/p10040114",
            "storeName": "LIDL"
        },
        {
            "productHash": "66000fa15635a2a0a8f32ab76125a3d059cdeec1",
            "productName": "Frisches Surfleisch im Stück",
            "currentPrice": "€7.19",
            "originalPrice": "€8.99",
            "discount": "20% OFF",
            "unitMeasure": "kg",
            "category": "ESSEN & TRINKEN",
            "productUrl": "https://www.lidl.at/p/wiesentaler-frisches-surfleisch-im-stueck/p10040115",
            "storeName": "LIDL"
        },
        {
            "productHash": "96fe4900f28328df20e3848ff4c568360ad8654a",
            "productName": "Frische Hendl Filetschnitzel",
            "currentPrice": "€8.49",
            "originalPrice": "€N/A",
            "discount": "N/A",
            "unitMeasure": "1 kg",
            "category": "ESSEN & TRINKEN",
            "productUrl": "https://www.lidl.at/p/frische-hendl-filetschnitzel/p10040116",
            "storeName": "LIDL"
        },
        {
            "productHash": "00527991d9111baf00a90d49343bdeb502e0f46c",
            "productName": "Frische Puten Mini-Steaks",
            "currentPrice": "€6.99",
            "originalPrice": "€N/A",
            "discount": "N/A",
            "unitMeasure": "800 g (1 kg = 8.74)",
            "category": "ESSEN & TRINKEN",
            "productUrl": "https://www.lidl.at/p/gefluegelhof-frische-puten-mini-steaks/p10040117",
            "storeName": "LIDL"
        },
        {
            "productHash": "2e946fa3a7f44f1b444958ef8a6998f049416cc1",
            "productName": "Frische Minutensteaks vom Schwein",
            "currentPrice": "€6.99",
            "originalPrice": "€N/A",
            "discount": "N/A",
            "unitMeasure": "700 g (1 kg = 9.99)",
            "category": "ESSEN & TRINKEN",
            "productUrl": "https://www.lidl.at/p/frische-minutensteaks-vom-schwein/p10040118",
            "storeName": "LIDL"
        },
        {
            "productHash": "12dee5802a13226ff1b18dbacb86080efb618153",
            "productName": "Lachsfilet mit Haut",
            "currentPrice": "€8.69",
            "originalPrice": "€10.99",
            "discount": "21% OFF",
            "unitMeasure": "4x 125 g (1 kg = 17.38)",
            "category": "ESSEN & TRINKEN",
            "productUrl": "https://www.lidl.at/p/fischerstolz-lachsfilet-mit-haut/p10040119",
            "storeName": "LIDL"
        },
        {
            "productHash": "a25b8e9bfd3a30784b95722b09ec90be9adf23f5",
            "productName": "Frische Maishendl Oberkeulen",
            "currentPrice": "€3.99",
            "originalPrice": "€N/A",
            "discount": "N/A",
            "unitMeasure": "1 kg",
            "category": "ESSEN & TRINKEN",
            "productUrl": "https://www.lidl.at/p/wiesentaler-frische-maishendl-oberkeulen/p10040120",
            "storeName": "LIDL"
        },
        {
            "productHash": "58f22c7648b7e434327aa22ae87d1ef20e5a5f51",
            "productName": "Streichzwerge Kochwurst",
            "currentPrice": "€0.79",
            "originalPrice": "€N/A",
            "discount": "N/A",
            "unitMeasure": "Ab 2 Stk. je 130 g (1 kg = 6.08)",
            "category": "ESSEN & TRINKEN",
            "productUrl": "https://www.lidl.at/p/dulano-streichzwerge-kochwurst/p10040121",
            "storeName": "LIDL"
        },
        {
            "productHash": "6f5b60963493f9314d45afb41b0087d63ece3706",
            "productName": "Caffè Crema & Aroma",
            "currentPrice": "€12.49",
            "originalPrice": "€N/A",
            "discount": "N/A",
            "unitMeasure": "1,2 kg (1 kg = 10.41)",
            "category": "ESSEN & TRINKEN",
            "productUrl": "https://www.lidl.at/p/bellarom-caffe-crema-aroma/p10040122",
            "storeName": "LIDL"
        },
        {
            "productHash": "921e915d34327e181a75491300a4eb774bfc519c",
            "productName": "Semmel",
            "currentPrice": "€0.16",
            "originalPrice": "€N/A",
            "discount": "N/A",
            "unitMeasure": "Ab 9 Stk. je Stück",
            "category": "ESSEN & TRINKEN",
            "productUrl": "https://www.lidl.at/p/semmel/p10040123",
            "storeName": "LIDL"
        },
        {
            "productHash": "5532440aa8edd6a891903857086d790c9bb4380c",
            "productName": "Semmel",
            "currentPrice": "€0.16",
            "originalPrice": "€N/A",
            "discount": "N/A",
            "unitMeasure": "Ab 6 Stk. je Stück",
            "category": "ESSEN & TRINKEN",
            "productUrl": "https://www.lidl.at/p/semmel/p10040124",
            "storeName": "LIDL"
        },
        {
            "productHash": "85cc8264973e0e3ff859720fa89ae793bb4f8e3c",
            "productName": "Semmel",
            "currentPrice": "€0.16",
            "originalPrice": "€N/A",
            "discount": "N/A",
            "unitMeasure": "Ab 3 Stk. je Stück",
            "category": "ESSEN & TRINKEN",
            "productUrl": "https://www.lidl.at/p/semmel/p10040125",
            "storeName": "LIDL"
        },
        {
            "productHash": "1da4fc51f4894d996a25514f2a4b2f4bfc687c93",
            "productName": "Eier aus Bodenhaltung",
            "currentPrice": "€3.99",
            "originalPrice": "€N/A",
            "discount": "N/A",
            "unitMeasure": "18 Stück (1 Stk. = 0.22)",
            "category": "ESSEN & TRINKEN",
            "productUrl": "https://www.lidl.at/p/eier-aus-bodenhaltung/p10040126",
            "storeName": "LIDL"
        },
        {
            "productHash": "449f9a2ab3982558d9cc0624442f64946e4bc554",
            "productName": "Brandteigkrapferl",
            "currentPrice": "€1.39",
            "originalPrice": "€N/A",
            "discount": "N/A",
            "unitMeasure": "Ab 2 Stk. je 250 g (1 kg = 5.56)",
            "category": "ESSEN & TRINKEN",
            "productUrl": "https://www.lidl.at/p/confiserie-firenze-brandteigkrapferl/p10040127",
            "storeName": "LIDL"
        },
        {
            "productHash": "0b719c65a5102b95f6b37159f12a52c4ade05b66",
            "productName": "Zweigelt Nr. 1",
            "currentPrice": "€2.32",
            "originalPrice": "€N/A",
            "discount": "N/A",
            "unitMeasure": "Ab 6 Fl. je 0,75 (1 l = 3.09)",
            "category": "ESSEN & TRINKEN",
            "productUrl": "https://www.lidl.at/p/zweigelt-nr-1/p10040128",
            "storeName": "LIDL"
        },
        {
            "productHash": "fbce258542008cd6e28c6e6009e2a1aed6a11bec",
            "productName": "Faschierte Laibchen",
            "currentPrice": "€3.99",
            "originalPrice": "€N/A",
            "discount": "N/A",
            "unitMeasure": "600 g (1 kg = 6.65)",
            "category": "ESSEN & TRINKEN",
            "productUrl": "https://www.lidl.at/p/dulano-faschierte-laibchen/p10040129",
            "storeName": "LIDL"
        },
        {
            "productHash": "ce9d953c566f65e35811f2b285813eae672dfd4c",
            "productName": "Kaffeegetränk",
            "currentPrice": "€0.95",
            "originalPrice": "€N/A",
            "discount": "N/A",
            "unitMeasure": "380 ml (1 l = 2.50)",
            "category": "ESSEN & TRINKEN",
            "productUrl": "https://www.lidl.at/p/milbona-kaffeegetraenk/p10040130",
            "storeName": "LIDL"
        },
        {
            "productHash": "95df00bbde56f3b8a092aaa5ca1c728ab828e025",
            "productName": "Selection Schwarzwälderschinken",
            "currentPrice": "€2.99",
            "originalPrice": "€N/A",
            "discount": "N/A",
            "unitMeasure": "250 g (1 kg = 11.96)",
            "category": "ESSEN & TRINKEN",
            "productUrl": "https://www.lidl.at/p/dulano-selection-schwarzwaelderschinken/p10040131",
            "storeName": "LIDL"
        },
        {
            "productHash": "0197beeeaa5432feda1e575f297c37b7e04528ae",
            "productName": "Kochschinken oder Putenbrust",
            "currentPrice": "€5.99",
            "originalPrice": "€N/A",
            "discount": "N/A",
            "unitMeasure": "400 g (1 kg = 14.98)",
            "category": "ESSEN & TRINKEN",
            "productUrl": "https://www.lidl.at/p/dulano-kochschinken-oder-putenbrust/p10040132",
            "storeName": "LIDL"
        },
        {
            "productHash": "4ee88ead4b888cf45dc2b15f3ce2f1c3d9d7252d",
            "productName": "Salami in Scheiben",
            "currentPrice": "€1.99",
            "originalPrice": "€N/A",
            "discount": "N/A",
            "unitMeasure": "240 g (1 kg = 8.29)",
            "category": "ESSEN & TRINKEN",
            "productUrl": "https://www.lidl.at/p/dulano-salami-in-scheiben/p10040133",
            "storeName": "LIDL"
        },
        {
            "productHash": "1b4dda6a61fc845dd45c702c960935b5b1976950",
            "productName": "Bacon-Bauch Streifen",
            "currentPrice": "€2.99",
            "originalPrice": "€N/A",
            "discount": "N/A",
            "unitMeasure": "2x 150 g (1 kg = 9.97)",
            "category": "ESSEN & TRINKEN",
            "productUrl": "https://www.lidl.at/p/dulano-bacon-bauch-streifen/p10040134",
            "storeName": "LIDL"
        },
        {
            "productHash": "7f7072aab5938ab09fb067297a9cde11aa4452b1",
            "productName": "Münchner Weißwürste",
            "currentPrice": "€4.49",
            "originalPrice": "€N/A",
            "discount": "N/A",
            "unitMeasure": "600 g (1 kg = 7.48)",
            "category": "ESSEN & TRINKEN",
            "productUrl": "https://www.lidl.at/p/dulano-muenchner-weisswuerste/p10040135",
            "storeName": "LIDL"
        },
        {
            "productHash": "4c4b3c0dff29a4277f3c859dd3165f64f9b56e8b",
            "productName": "Mortadella",
            "currentPrice": "€2.49",
            "originalPrice": "€N/A",
            "discount": "N/A",
            "unitMeasure": "250 g (1 kg = 9.96)",
            "category": "ESSEN & TRINKEN",
            "productUrl": "https://www.lidl.at/p/dulano-selection-mortadella/p10040136",
            "storeName": "LIDL"
        },
        {
            "productHash": "d6f8746e5faca5fd3f8e55915fa42f446f35aa4a",
            "productName": "Krustenschinken",
            "currentPrice": "€2.49",
            "originalPrice": "€N/A",
            "discount": "N/A",
            "unitMeasure": "200 g (1 kg = 12.45)",
            "category": "ESSEN & TRINKEN",
            "productUrl": "https://www.lidl.at/p/dulano-selection-krustenschinken/p10040137",
            "storeName": "LIDL"
        },
        {
            "productHash": "abab7d1eb8a0f19775054cb8555d15e803450d1f",
            "productName": "Gratinkäse gerieben",
            "currentPrice": "€4.49",
            "originalPrice": "€N/A",
            "discount": "N/A",
            "unitMeasure": "500 g (1 kg = 8.98)",
            "category": "ESSEN & TRINKEN",
            "productUrl": "https://www.lidl.at/p/milbona-gratinkaese-gerieben/p10040138",
            "storeName": "LIDL"
        },
        {
            "productHash": "5c4c957f426d2e6aab2a69faf84bcf151d44ea16",
            "productName": "Grana Padano DOP gerieben",
            "currentPrice": "€3.29",
            "originalPrice": "€N/A",
            "discount": "N/A",
            "unitMeasure": "200 g (1 kg = 16.45)",
            "category": "ESSEN & TRINKEN",
            "productUrl": "https://www.lidl.at/p/milbona-grana-padano-dop-gerieben/p10040139",
            "storeName": "LIDL"
        },
        {
            "productHash": "ff831d3e2a60065670d2ba0d6cdd2d41c9485059",
            "productName": "Weichkäse in Salzlake",
            "currentPrice": "€8.99",
            "originalPrice": "€N/A",
            "discount": "N/A",
            "unitMeasure": "1,2 kg (1 kg = 7.49)",
            "category": "ESSEN & TRINKEN",
            "productUrl": "https://www.lidl.at/p/milbona-weichkaese-in-salzlake/p10040140",
            "storeName": "LIDL"
        },
        {
            "productHash": "89a090eeaffb24ac69b3987f2d97ce8fda8addba",
            "productName": "Gouda oder Edamer in Scheiben",
            "currentPrice": "€6.99",
            "originalPrice": "€N/A",
            "discount": "N/A",
            "unitMeasure": "1 kg",
            "category": "ESSEN & TRINKEN",
            "productUrl": "https://www.lidl.at/p/milbona-gouda-oder-edamer-in-scheiben/p10040141",
            "storeName": "LIDL"
        },
        {
            "productHash": "66617f2d600a2cc49bbdbf765caba06eb0f54e7c",
            "productName": "Schmelzkäse-Ecken",
            "currentPrice": "€4.49",
            "originalPrice": "€N/A",
            "discount": "N/A",
            "unitMeasure": "533 g (1 kg = 8.42)",
            "category": "ESSEN & TRINKEN",
            "productUrl": "https://www.lidl.at/p/milbona-schmelzkaese-ecken/p10040142",
            "storeName": "LIDL"
        },
        {
            "productHash": "6ff4ffce1aafe78f9135c519f0b3601464853f68",
            "productName": "Seetaler Großlochkäse",
            "currentPrice": "€6.49",
            "originalPrice": "€N/A",
            "discount": "N/A",
            "unitMeasure": "700 g (1 kg = 9.27)",
            "category": "ESSEN & TRINKEN",
            "productUrl": "https://www.lidl.at/p/alpengut-seetaler-grosslochkaese/p10040143",
            "storeName": "LIDL"
        },
        {
            "productHash": "b203ede5008a2f2add5cd5de5e25cf9871441763",
            "productName": "Burrata",
            "currentPrice": "€2.99",
            "originalPrice": "€N/A",
            "discount": "N/A",
            "unitMeasure": "250 g (1 kg = 11.96)",
            "category": "ESSEN & TRINKEN",
            "productUrl": "https://www.lidl.at/p/italiamo-burrata/p10040144",
            "storeName": "LIDL"
        },
        {
            "productHash": "bd8fefca99e525abf48e8ffd6233b1dfb2079a4d",
            "productName": "Mozzarella gerieben",
            "currentPrice": "€3.49",
            "originalPrice": "€N/A",
            "discount": "N/A",
            "unitMeasure": "500 g (1 kg = 6.98)",
            "category": "ESSEN & TRINKEN",
            "productUrl": "https://www.lidl.at/p/milbona-mozzarella-gerieben/p10040145",
            "storeName": "LIDL"
        },
        {
            "productHash": "57cf26a79301cc2b563f80ee4ef7b1672270e260",
            "productName": "Mozzarella",
            "currentPrice": "€1.69",
            "originalPrice": "€N/A",
            "discount": "N/A",
            "unitMeasure": "250 g (1 kg = 6.76)",
            "category": "ESSEN & TRINKEN",
            "productUrl": "https://www.lidl.at/p/milbona-mozzarella/p10040146",
            "storeName": "LIDL"
        },
        {
            "productHash": "9a57b285c7cb9d16cb56798648b8c68c43464729",
            "productName": "Energy Drink",
            "currentPrice": "€0.49",
            "originalPrice": "€N/A",
            "discount": "N/A",
            "unitMeasure": "0,5 l (1 l = 0.98)",
            "category": "ESSEN & TRINKEN",
            "productUrl": "https://www.lidl.at/p/kong-strong-energy-drink/p10040147",
            "storeName": "LIDL"
        },
        {
            "productHash": "cd82a31ecb7030692033adb9dafa0b02e6e56ff0",
            "productName": "Energy Drink",
            "currentPrice": "€0.49",
            "originalPrice": "€-.69",
            "discount": "N/A",
            "unitMeasure": "0,5 l (1 l = 0.98)",
            "category": "ESSEN & TRINKEN",
            "productUrl": "https://www.lidl.at/p/kong-strong-energy-drink/p10040148",
            "storeName": "LIDL"
        },
        {
            "productHash": "29a8c89d8a904319038b754488fb881548e4a93f",
            "productName": "Energy Drink",
            "currentPrice": "€0.69",
            "originalPrice": "€N/A",
            "discount": "N/A",
            "unitMeasure": "0,5 l (1 l = 1.38)",
            "category": "ESSEN & TRINKEN",
            "productUrl": "https://www.lidl.at/p/kong-strong-energy-drink/p10040149",
            "storeName": "LIDL"
        },
        {
            "productHash": "9d28d1c4fb9849f320446f264acb356d3197af45",
            "productName": "Himbeeren, Erdbeeren oder Beerenmischung",
            "currentPrice": "€3.79",
            "originalPrice": "€N/A",
            "discount": "N/A",
            "unitMeasure": "750/1000 g (1 kg = 5.05/3.79)",
            "category": "ESSEN & TRINKEN",
            "productUrl": "https://www.lidl.at/p/freshona-himbeeren-erdbeeren-oder-beerenmischung/p10040150",
            "storeName": "LIDL"
        },
        {
            "productHash": "ef7d26535627e3a4bae908f9cb4eeb853cf632da",
            "productName": "Chicken Wings",
            "currentPrice": "€5.49",
            "originalPrice": "€N/A",
            "discount": "N/A",
            "unitMeasure": "1 kg",
            "category": "ESSEN & TRINKEN",
            "productUrl": "https://www.lidl.at/p/chef-select-chicken-wings/p10040151",
            "storeName": "LIDL"
        },
        {
            "productHash": "1ba96b9de688d1aa3afddc8f842481086f875dd7",
            "productName": "Lasagne Bolognese",
            "currentPrice": "€3.99",
            "originalPrice": "€N/A",
            "discount": "N/A",
            "unitMeasure": "1,15 kg (1 kg = 3.47)",
            "category": "ESSEN & TRINKEN",
            "productUrl": "https://www.lidl.at/p/chef-select-lasagne-bolognese/p10040152",
            "storeName": "LIDL"
        },
        {
            "productHash": "909da8b52433ea8a007ba8f71a2f0b58f732c396",
            "productName": "Easy Snack",
            "currentPrice": "€5.99",
            "originalPrice": "€N/A",
            "discount": "N/A",
            "unitMeasure": "700/750 g (1 kg = 8.56/7.99)",
            "category": "ESSEN & TRINKEN",
            "productUrl": "https://www.lidl.at/p/chef-select-easy-snack/p10040153",
            "storeName": "LIDL"
        },
        {
            "productHash": "72c8938d3d210b19cd6735d6d93edfd6226b1fcc",
            "productName": "Pfannengerichte",
            "currentPrice": "€3.99",
            "originalPrice": "€N/A",
            "discount": "N/A",
            "unitMeasure": "1 kg",
            "category": "ESSEN & TRINKEN",
            "productUrl": "https://www.lidl.at/p/culinea-pfannengerichte/p10040154",
            "storeName": "LIDL"
        },
        {
            "productHash": "ce6185cb07a27cf400cd61f579e11ab93edbd18f",
            "productName": "Fertiggerichte",
            "currentPrice": "€4.99",
            "originalPrice": "€N/A",
            "discount": "N/A",
            "unitMeasure": "800 g (1 kg = 6.24)",
            "category": "ESSEN & TRINKEN",
            "productUrl": "https://www.lidl.at/p/frosta-fertiggerichte/p10040155",
            "storeName": "LIDL"
        },
        {
            "productHash": "61fe899510135d170c8903a474c23559a67c6280",
            "productName": "Chicken Nuggets",
            "currentPrice": "€3.29",
            "originalPrice": "€N/A",
            "discount": "N/A",
            "unitMeasure": "475 g (1 kg = 6.93)",
            "category": "ESSEN & TRINKEN",
            "productUrl": "https://www.lidl.at/p/chef-select-chicken-nuggets/p10040156",
            "storeName": "LIDL"
        },
        {
            "productHash": "2f8fb62c1d26ee31f184baccf62205e8abc811a4",
            "productName": "Puten Cordon Bleu",
            "currentPrice": "€5.99",
            "originalPrice": "€N/A",
            "discount": "N/A",
            "unitMeasure": "1,5 kg (1 kg = 3.99)",
            "category": "ESSEN & TRINKEN",
            "productUrl": "https://www.lidl.at/p/chef-select-puten-cordon-bleu/p10040157",
            "storeName": "LIDL"
        },
        {
            "productHash": "e955f19e313bdadfb276c317c78d547f000c018e",
            "productName": "Räucherlachs",
            "currentPrice": "€5.49",
            "originalPrice": "€N/A",
            "discount": "N/A",
            "unitMeasure": "220 g (1 kg = 24.95)",
            "category": "ESSEN & TRINKEN",
            "productUrl": "https://www.lidl.at/p/nautica-raeucherlachs/p10040158",
            "storeName": "LIDL"
        },
        {
            "productHash": "6d7d2977c3fa5910cb64bfbeecda13f9ae4c1996",
            "productName": "Lachsfiletportionen ohne Haut",
            "currentPrice": "€11.99",
            "originalPrice": "€N/A",
            "discount": "N/A",
            "unitMeasure": "5x 120 g (1 kg = 19.98)",
            "category": "ESSEN & TRINKEN",
            "productUrl": "https://www.lidl.at/p/ocean-sea-lachsfiletportionen-ohne-haut/p10040159",
            "storeName": "LIDL"
        },
        {
            "productHash": "99e0002145d638f2b986885e207b9d3a43b861d8",
            "productName": "MSC Alaska Seelachs paniert",
            "currentPrice": "€6.25",
            "originalPrice": "€N/A",
            "discount": "N/A",
            "unitMeasure": "960 g (1 kg = 6.51)",
            "category": "ESSEN & TRINKEN",
            "productUrl": "https://www.lidl.at/p/ocean-sea-msc-alaska-seelachs-paniert/p10040160",
            "storeName": "LIDL"
        },
        {
            "productHash": "56f58a65a82c04459dd78d1edde40aeb0247da04",
            "productName": "MSC Fischstäbchen",
            "currentPrice": "€4.49",
            "originalPrice": "€N/A",
            "discount": "N/A",
            "unitMeasure": "900 g (1 kg = 4.99)",
            "category": "ESSEN & TRINKEN",
            "productUrl": "https://www.lidl.at/p/ocean-sea-msc-fischstaebchen/p10040161",
            "storeName": "LIDL"
        },
        {
            "productHash": "8888e80852bedc77c60fbac7c26d5bb0603a0f8b",
            "productName": "Cremeschnitte oder 3 Color Schnitte",
            "currentPrice": "€5.99",
            "originalPrice": "€N/A",
            "discount": "N/A",
            "unitMeasure": "680 g (1 kg = 8.81)",
            "category": "ESSEN & TRINKEN",
            "productUrl": "https://www.lidl.at/p/zito-cremeschnitte-oder-3-color-schnitte/p10040162",
            "storeName": "LIDL"
        },
        {
            "productHash": "7ba35d1849513e3a3c7542c99b19064dfd9802fb",
            "productName": "Milch-Haselnuss-Schnitte 12er",
            "currentPrice": "€2.35",
            "originalPrice": "€N/A",
            "discount": "N/A",
            "unitMeasure": "300 g (1 kg = 7.83)",
            "category": "ESSEN & TRINKEN",
            "productUrl": "https://www.lidl.at/p/sondey-milch-haselnuss-schnitte-12er/p10040163",
            "storeName": "LIDL"
        },
        {
            "productHash": "fce1aa4e4a1e1150cb6941a5716145a0df389ef5",
            "productName": "Muffins",
            "currentPrice": "€3.49",
            "originalPrice": "€N/A",
            "discount": "N/A",
            "unitMeasure": "540 g (1 kg = 6.46)",
            "category": "ESSEN & TRINKEN",
            "productUrl": "https://www.lidl.at/p/kuchenzauber-muffins/p10040164",
            "storeName": "LIDL"
        },
        {
            "productHash": "c1c162e41b94417555b0d2285342726525fd27a0",
            "productName": "Croissants",
            "currentPrice": "€1.79",
            "originalPrice": "€N/A",
            "discount": "N/A",
            "unitMeasure": "325 g (1 kg = 5.51)",
            "category": "ESSEN & TRINKEN",
            "productUrl": "https://www.lidl.at/p/maitre-jean-pierre-croissants/p10040165",
            "storeName": "LIDL"
        },
        {
            "productHash": "dbfafa1a32814637540fa8c6ceeeafc69252b877",
            "productName": "Monte Mega",
            "currentPrice": "€1.59",
            "originalPrice": "€N/A",
            "discount": "N/A",
            "unitMeasure": "400 g (1 kg = 3.98)",
            "category": "ESSEN & TRINKEN",
            "productUrl": "https://www.lidl.at/p/zott-monte-mega/p10040166",
            "storeName": "LIDL"
        },
        {
            "productHash": "6a3c9dd156bb77b2122712005454839fdea1a539",
            "productName": "Gerührter Joghurt",
            "currentPrice": "€2.29",
            "originalPrice": "€N/A",
            "discount": "N/A",
            "unitMeasure": "8x 125 g",
            "category": "ESSEN & TRINKEN",
            "productUrl": "https://www.lidl.at/p/milbona-geruehrter-joghurt/p10040167",
            "storeName": "LIDL"
        },
        {
            "productHash": "c3442f7de4785048352cc83663eb9b5892a5469e",
            "productName": "Joghurt nach griechischer Art",
            "currentPrice": "€3.39",
            "originalPrice": "€N/A",
            "discount": "N/A",
            "unitMeasure": "1,1 kg (1 kg = 3.08)",
            "category": "ESSEN & TRINKEN",
            "productUrl": "https://www.lidl.at/p/milbona-joghurt-nach-griechischer-art/p10040168",
            "storeName": "LIDL"
        },
        {
            "productHash": "3f6889197a3b66d7f7015c3d89ec38a8b77bb9f2",
            "productName": "Zuckerwaffeln 10er",
            "currentPrice": "€2.49",
            "originalPrice": "€N/A",
            "discount": "N/A",
            "unitMeasure": "550 g (1 kg = 4.53)",
            "category": "ESSEN & TRINKEN",
            "productUrl": "https://www.lidl.at/p/sondey-zuckerwaffeln-10er/p10040169",
            "storeName": "LIDL"
        },
        {
            "productHash": "c2b6c3ec466273f6e7d1cb4067dd3d5f48f3e32b",
            "productName": "Manja oder Swedy 15er",
            "currentPrice": "€6.79",
            "originalPrice": "€N/A",
            "discount": "N/A",
            "unitMeasure": "300 g (1 kg = 22.63)",
            "category": "ESSEN & TRINKEN",
            "productUrl": "https://www.lidl.at/p/niemetz-manja-oder-swedy-15er/p10040170",
            "storeName": "LIDL"
        },
        {
            "productHash": "a66e7466618b82eaf89cc2f556ba953136c5c99e",
            "productName": "Nuts Royal naturbelassen",
            "currentPrice": "€5.59",
            "originalPrice": "€N/A",
            "discount": "N/A",
            "unitMeasure": "500 g (1 kg = 11.18)",
            "category": "ESSEN & TRINKEN",
            "productUrl": "https://www.lidl.at/p/alesto-selection-nuts-royal-naturbelassen/p10040171",
            "storeName": "LIDL"
        },
        {
            "productHash": "e102b616498bdd8db6efe075037f4ee852982a1e",
            "productName": "Erdnüsse geröstet & gesalzen",
            "currentPrice": "€4.49",
            "originalPrice": "€N/A",
            "discount": "N/A",
            "unitMeasure": "1 kg",
            "category": "ESSEN & TRINKEN",
            "productUrl": "https://www.lidl.at/p/alesto-erdnuesse-geroestet-gesalzen/p10040172",
            "storeName": "LIDL"
        },
        {
            "productHash": "458391438108bd0dded46d84e87ff5807892d5b7",
            "productName": "Cashewkerne naturbelassen",
            "currentPrice": "€5.79",
            "originalPrice": "€N/A",
            "discount": "N/A",
            "unitMeasure": "500 g (1 kg = 11.58)",
            "category": "ESSEN & TRINKEN",
            "productUrl": "https://www.lidl.at/p/alesto-selection-cashewkerne-naturbelassen/p10040173",
            "storeName": "LIDL"
        },
        {
            "productHash": "6c180ccf5fe1c1412a119586bc40656163c4d46d",
            "productName": "Walnusskerne naturbelassen",
            "currentPrice": "€5.99",
            "originalPrice": "€N/A",
            "discount": "N/A",
            "unitMeasure": "500 g (1 kg = 11.98)",
            "category": "ESSEN & TRINKEN",
            "productUrl": "https://www.lidl.at/p/alesto-selection-walnusskerne-naturbelassen/p10040174",
            "storeName": "LIDL"
        },
        {
            "productHash": "388368564a8777b267d325bd0778862971a5a65c",
            "productName": "Mandeln naturbelassen",
            "currentPrice": "€5.49",
            "originalPrice": "€N/A",
            "discount": "N/A",
            "unitMeasure": "500 g (1 kg = 10.98)",
            "category": "ESSEN & TRINKEN",
            "productUrl": "https://www.lidl.at/p/alesto-selection-mandeln-naturbelassen/p10040175",
            "storeName": "LIDL"
        },
        {
            "productHash": "d660222ad075a202cf028c4b483cc5afd1a6b829",
            "productName": "Nussmix",
            "currentPrice": "€3.99",
            "originalPrice": "€N/A",
            "discount": "N/A",
            "unitMeasure": "300 g (1 kg = 13.30)",
            "category": "ESSEN & TRINKEN",
            "productUrl": "https://www.lidl.at/p/alesto-nussmix/p10040176",
            "storeName": "LIDL"
        },
        {
            "productHash": "80620c42fbd03fa437cf3a2702faf9a82ef0f873",
            "productName": "Cashewkerne geröstet & gesalzen",
            "currentPrice": "€2.79",
            "originalPrice": "€N/A",
            "discount": "N/A",
            "unitMeasure": "250 g (1 kg = 11.16)",
            "category": "ESSEN & TRINKEN",
            "productUrl": "https://www.lidl.at/p/alesto-cashewkerne-geroestet-gesalzen/p10040177",
            "storeName": "LIDL"
        },
        {
            "productHash": "57c1a7145891f4bbd4bc3e62c8601c7c4d3b3825",
            "productName": "Märzenbier",
            "currentPrice": "€7.08",
            "originalPrice": "€N/A",
            "discount": "N/A",
            "unitMeasure": "12x 0,33 l (0,5 l = 1.05)",
            "category": "ESSEN & TRINKEN",
            "productUrl": "https://www.lidl.at/p/puntigamer-maerzenbier/p10040178",
            "storeName": "LIDL"
        },
        {
            "productHash": "c29b3ca5079b908aace6f36f7ce625661e19f1fd",
            "productName": "Walnusskipferl oder Haselnuss Kipferl",
            "currentPrice": "€3.49",
            "originalPrice": "€N/A",
            "discount": "N/A",
            "unitMeasure": "400 g (1 kg = 8.73)",
            "category": "ESSEN & TRINKEN",
            "productUrl": "https://www.lidl.at/p/favorina-walnusskipferl-oder-haselnuss-kipferl/p10040179",
            "storeName": "LIDL"
        },
        {
            "productHash": "6ba255e85aaa241b1b407243407095e6c816aea8",
            "productName": "Knabbermix im Eimer",
            "currentPrice": "€2.99",
            "originalPrice": "€N/A",
            "discount": "N/A",
            "unitMeasure": "500 g (1 kg = 5.98)",
            "category": "ESSEN & TRINKEN",
            "productUrl": "https://www.lidl.at/p/snack-day-knabbermix-im-eimer/p10040180",
            "storeName": "LIDL"
        },
        {
            "productHash": "b0d68d53e5198ef40178e66454da29cc931ebac3",
            "productName": "Flips",
            "currentPrice": "€0.99",
            "originalPrice": "€N/A",
            "discount": "N/A",
            "unitMeasure": "150/250 g (1 kg = 6.60/3.96)",
            "category": "ESSEN & TRINKEN",
            "productUrl": "https://www.lidl.at/p/snack-day-flips/p10040181",
            "storeName": "LIDL"
        },
        {
            "productHash": "2f84bd5fa8fb5c23a900599259cfb70624f87aaa",
            "productName": "Apfelsaft",
            "currentPrice": "€1.99",
            "originalPrice": "€N/A",
            "discount": "N/A",
            "unitMeasure": "2 l (1 l = 1.00)",
            "category": "ESSEN & TRINKEN",
            "productUrl": "https://www.lidl.at/p/solevita-apfelsaft/p10040182",
            "storeName": "LIDL"
        },
        {
            "productHash": "22a7c685f4d01560cd4e2b0f1a5233135abb67c9",
            "productName": "Orangensaft",
            "currentPrice": "€3.49",
            "originalPrice": "€N/A",
            "discount": "N/A",
            "unitMeasure": "2 l (1 l = 1.75)",
            "category": "ESSEN & TRINKEN",
            "productUrl": "https://www.lidl.at/p/solevita-orangensaft/p10040183",
            "storeName": "LIDL"
        },
        {
            "productHash": "df22c1189295f8561899306f8b1deb7496e51265",
            "productName": "Orangensaft",
            "currentPrice": "€3.29",
            "originalPrice": "€N/A",
            "discount": "N/A",
            "unitMeasure": "1,25 l (1 l = 2.63)",
            "category": "ESSEN & TRINKEN",
            "productUrl": "https://www.lidl.at/p/solevita-orangensaft/p10040184",
            "storeName": "LIDL"
        },
        {
            "productHash": "44212557d9b9fa7bba56d22c17ecd2a85becf09e",
            "productName": "Basmati Reis",
            "currentPrice": "€9.99",
            "originalPrice": "€N/A",
            "discount": "N/A",
            "unitMeasure": "4,5 kg (1 kg = 2.22)",
            "category": "ESSEN & TRINKEN",
            "productUrl": "https://www.lidl.at/p/golden-sun-basmati-reis/p10040185",
            "storeName": "LIDL"
        },
        {
            "productHash": "b731cbc62f6ff9d8865e312aabd691e0618e2b7d",
            "productName": "Natives Olivenöl extra",
            "currentPrice": "€9.99",
            "originalPrice": "€N/A",
            "discount": "N/A",
            "unitMeasure": "1,5 Liter (1 l = 6.66)",
            "category": "ESSEN & TRINKEN",
            "productUrl": "https://www.lidl.at/p/primadonna-natives-olivenoel-extra/p10040186",
            "storeName": "LIDL"
        },
        {
            "productHash": "987de6bb1df1ba005adef54a12b46c6bd43ddcb5",
            "productName": "Frittieröl",
            "currentPrice": "€8.99",
            "originalPrice": "€N/A",
            "discount": "N/A",
            "unitMeasure": "5 l (1 l = 1.80)",
            "category": "ESSEN & TRINKEN",
            "productUrl": "https://www.lidl.at/p/vita-d-or-frittieroel/p10040187",
            "storeName": "LIDL"
        },
        {
            "productHash": "c3d297e4412b2af01f4d0b6dfd3ea175e75c044c",
            "productName": "Märzen",
            "currentPrice": "€13.00",
            "originalPrice": "€N/A",
            "discount": "N/A",
            "unitMeasure": "20x 0,5 l (0,5 l = 0.65)",
            "category": "ESSEN & TRINKEN",
            "productUrl": "https://www.lidl.at/p/goesser-maerzen/p10040191",
            "storeName": "LIDL"
        },
        {
            "productHash": "ae009f3ed788486dcc253ac503d899fa74557a6d",
            "productName": "Märzen",
            "currentPrice": "€13.40",
            "originalPrice": "€N/A",
            "discount": "N/A",
            "unitMeasure": "20x 0,5 l (0,5 l = 0.67)",
            "category": "ESSEN & TRINKEN",
            "productUrl": "https://www.lidl.at/p/goesser-maerzen/p10040192",
            "storeName": "LIDL"
        },
        {
            "productHash": "f19e7f891ce419f2ba9ea4e12d0796fed776203e",
            "productName": "Märzenbier",
            "currentPrice": "€0.69",
            "originalPrice": "€1.59",
            "discount": "57% OFF",
            "unitMeasure": "Ab 24 Dosen je 0,5 l = 0.69",
            "category": "ESSEN & TRINKEN",
            "productUrl": "https://www.lidl.at/p/goesser-maerzenbier/p10040193",
            "storeName": "LIDL"
        },
        {
            "productHash": "de919dfd893002185b5a07e770ebf3c61a4ac874",
            "productName": "Märzenbier",
            "currentPrice": "€0.74",
            "originalPrice": "€1.59",
            "discount": "53% OFF",
            "unitMeasure": "Ab 24 Dosen je 0,5 l = 0.74",
            "category": "ESSEN & TRINKEN",
            "productUrl": "https://www.lidl.at/p/goesser-maerzenbier/p10040194",
            "storeName": "LIDL"
        },
        {
            "productHash": "125590d8bd19daeae5c5015fc371114a253f4b49",
            "productName": "Bio Kornspitz",
            "currentPrice": "€0.34",
            "originalPrice": "€N/A",
            "discount": "N/A",
            "unitMeasure": "Ab 2 Stk. je",
            "category": "ESSEN & TRINKEN",
            "productUrl": "https://www.lidl.at/p/bio-kornspitz/p10040195",
            "storeName": "LIDL"
        },
        {
            "productHash": "f0affd2de1363a96207d1ca10aab483f9014ce78",
            "productName": "Bio Kornspitz",
            "currentPrice": "€0.34",
            "originalPrice": "€N/A",
            "discount": "N/A",
            "unitMeasure": "Ab 2 Stk. je",
            "category": "ESSEN & TRINKEN",
            "productUrl": "https://www.lidl.at/p/bio-kornspitz/p10040196",
            "storeName": "LIDL"
        },
        {
            "productHash": "45b26f60da57e8f3aeb73288ac6d07d26e8339c0",
            "productName": "Frisches Schweinefleisch gewürfelt",
            "currentPrice": "€3.49",
            "originalPrice": "€N/A",
            "discount": "N/A",
            "unitMeasure": "500 g (1 kg = 6.98)",
            "category": "ESSEN & TRINKEN",
            "productUrl": "https://www.lidl.at/p/wiesentaler-frisches-schweinefleisch-gewuerfelt/p10040198",
            "storeName": "LIDL"
        },
        {
            "productHash": "838365d0533f172e6fb21fc2b5b11415c1fa0221",
            "productName": "SPAR Cashews ungesalzen & ungeröstet",
            "currentPrice": "€4,49",
            "originalPrice": "€4,99",
            "discount": "10% OFF",
            "unitMeasure": "300 G",
            "category": "FOOD",
            "productUrl": "https://www.spar.at/produktwelt/spar-qualitaetsmarke-cashews-ungesalzen-ungeroestet-p2020001033652",
            "storeName": "SPAR"
        },
        {
            "productHash": "b4c3223ae465fb5aab0860da22905c9877f15c8a",
            "productName": "SPAR Schnitte Kirsch-Marmor",
            "currentPrice": "€1,49",
            "originalPrice": "€1,89",
            "discount": "21% OFF",
            "unitMeasure": "1 STK",
            "category": "FOOD",
            "productUrl": "https://www.spar.at/produktwelt/spar-qualitaetsmarke-schnitte-kirsch-marmor-p1213621",
            "storeName": "SPAR"
        },
        {
            "productHash": "39afcb70abc5ea54795998b1625300f5281897ee",
            "productName": "SPAR Natur*pur Bio-Weizen-Universalmehl Type 480",
            "currentPrice": "€0,99",
            "originalPrice": "€1,19",
            "discount": "17% OFF",
            "unitMeasure": "1 KG",
            "category": "FOOD",
            "productUrl": "https://www.spar.at/produktwelt/spar-natur-pur-bio-weizen-universalmehl-type-480-p7243127",
            "storeName": "SPAR"
        },
        {
            "productHash": "25473300ee71d13df74467ca02321aaa84ea4e8e",
            "productName": "SPAR Natur*pur Bio-Condimento Bianco",
            "currentPrice": "€3,79",
            "originalPrice": "€4,79",
            "discount": "21% OFF",
            "unitMeasure": "0,5 L",
            "category": "FOOD",
            "productUrl": "https://www.spar.at/produktwelt/spar-natur-pur-bio-condimento-bianco-p5903115",
            "storeName": "SPAR"
        },
        {
            "productHash": "0ef0d2c492e1de7e9b3815b537bc96aec7778c3a",
            "productName": "SPAR Natur*pur Bio-Mais-Bärlis Erdbeere & Apfel",
            "currentPrice": "€0,59",
            "originalPrice": "€0,89",
            "discount": "34% OFF",
            "unitMeasure": "30 G",
            "category": "FOOD",
            "productUrl": "https://www.spar.at/produktwelt/spar-natur-pur-bio-mais-baerlis-erdbeere-apfel-p2020003842771",
            "storeName": "SPAR"
        },
        {
            "productHash": "320ef430e41d36458ae8c1461914dd830b5c24ac",
            "productName": "DESPAR Pizza Margherita",
            "currentPrice": "€2,49",
            "originalPrice": "€2,99",
            "discount": "17% OFF",
            "unitMeasure": "423 G",
            "category": "FOOD",
            "productUrl": "https://www.spar.at/produktwelt/despar-pizza-margherita-p2020003109607",
            "storeName": "SPAR"
        },
        {
            "productHash": "acc1d5908e84283f044d2ca032f5fd373bbf6f58",
            "productName": "SPAR Natur*pur Bio-Wedges",
            "currentPrice": "€3,49",
            "originalPrice": "€3,99",
            "discount": "13% OFF",
            "unitMeasure": "750 G",
            "category": "FOOD",
            "productUrl": "https://www.spar.at/produktwelt/spar-natur-pur-bio-wedges-p2020004854179",
            "storeName": "SPAR"
        },
        {
            "productHash": "b86b3edcbcf316da8415b8db2d811cb3078239ae",
            "productName": "SPAR Natur*pur Bio-Baguette de Paris",
            "currentPrice": "€2,49",
            "originalPrice": "€2,99",
            "discount": "17% OFF",
            "unitMeasure": "300 G",
            "category": "FOOD",
            "productUrl": "https://www.spar.at/produktwelt/spar-natur-pur-bio-baguette-de-paris-p2020003092756",
            "storeName": "SPAR"
        },
        {
            "productHash": "49472db679306d7898d749a7e4dafb21f274d5dd",
            "productName": "SPAR Natur*pur Bio-Bourbon-Vanilleschoten 2 Stück",
            "currentPrice": "€1,99",
            "originalPrice": "€2,99",
            "discount": "33% OFF",
            "unitMeasure": "N/A",
            "category": "FOOD",
            "productUrl": "https://www.spar.at/produktwelt/spar-natur-pur-bio-bourbon-vanilleschoten-2-stueck-p1244878",
            "storeName": "SPAR"
        },
        {
            "productHash": "a716ed29b3e7526974aabdae99900349d61c582c",
            "productName": "SPAR Natur*pur Bio-Wiener Kipferl",
            "currentPrice": "€0,99",
            "originalPrice": "€1,49",
            "discount": "34% OFF",
            "unitMeasure": "1 STK",
            "category": "FOOD",
            "productUrl": "https://www.spar.at/produktwelt/spar-natur-pur-bio-wiener-kipferl-p6349424",
            "storeName": "SPAR"
        },
        {
            "productHash": "ada348267cd584f3e05b634867a2984c44b58f46",
            "productName": "SPAR Natur*pur Bio-Roggen-Vollkornmehl fein gemahlen",
            "currentPrice": "€0,99",
            "originalPrice": "€1,19",
            "discount": "17% OFF",
            "unitMeasure": "1 KG",
            "category": "FOOD",
            "productUrl": "https://www.spar.at/produktwelt/spar-natur-pur-bio-roggen-vollkornmehl-fein-gemahlen-p7244674",
            "storeName": "SPAR"
        },
        {
            "productHash": "b550c76d111f104f46c34001d64bf2ec5a043855",
            "productName": "SPAR Natur*pur Bio-Emmentaler aus Heumilch",
            "currentPrice": "€19,90",
            "originalPrice": "€26,90",
            "discount": "26% OFF",
            "unitMeasure": "1 KG",
            "category": "FOOD",
            "productUrl": "https://www.spar.at/produktwelt/spar-natur-pur-bio-emmentaler-aus-heumilch-p1451894",
            "storeName": "SPAR"
        },
        {
            "productHash": "7770766050c05b6a7656abdb2b9dbedbe6ea636d",
            "productName": "SPAR Natur*pur Bio-Basilikum 12g",
            "currentPrice": "€2,79",
            "originalPrice": "€3,49",
            "discount": "20% OFF",
            "unitMeasure": "N/A",
            "category": "FOOD",
            "productUrl": "https://www.spar.at/produktwelt/spar-natur-pur-bio-basilikum-12g-p2020004698087",
            "storeName": "SPAR"
        },
        {
            "productHash": "19ccabb49eeb8b9ed8d1867d9c68f703dd8f1550",
            "productName": "DESPAR Pizza Piccante",
            "currentPrice": "€2,49",
            "originalPrice": "€2,99",
            "discount": "17% OFF",
            "unitMeasure": "437 G",
            "category": "FOOD",
            "productUrl": "https://www.spar.at/produktwelt/despar-pizza-piccante-p2020003109614",
            "storeName": "SPAR"
        },
        {
            "productHash": "2c7d45341e76f243d769b786b14f13fa2708f0d0",
            "productName": "SPAR Cashews geröstet & gesalzen",
            "currentPrice": "€4,49",
            "originalPrice": "€4,99",
            "discount": "10% OFF",
            "unitMeasure": "300 G",
            "category": "FOOD",
            "productUrl": "https://www.spar.at/produktwelt/spar-qualitaetsmarke-cashews-geroestet-gesalzen-p4013303",
            "storeName": "SPAR"
        },
        {
            "productHash": "5be4f1a2bc8a487d9515a693871766cab1b7c291",
            "productName": "DESPAR Fusilli",
            "currentPrice": "€0,99",
            "originalPrice": "€1,59",
            "discount": "38% OFF",
            "unitMeasure": "500 G",
            "category": "FOOD",
            "productUrl": "https://www.spar.at/produktwelt/despar-fusilli-p7365386",
            "storeName": "SPAR"
        },
        {
            "productHash": "7de130665b76ef4f0b7e034b59349f5355180021",
            "productName": "SPAR Natur*pur Bio-Blütenhonig aus Wien",
            "currentPrice": "€7,49",
            "originalPrice": "€8,99",
            "discount": "17% OFF",
            "unitMeasure": "500 G",
            "category": "FOOD",
            "productUrl": "https://www.spar.at/produktwelt/spar-natur-pur-bio-bluetenhonig-aus-wien-p2588155",
            "storeName": "SPAR"
        },
        {
            "productHash": "86bac5ec531352307e64d1ef58832b57cd657c17",
            "productName": "SPAR Natur*pur Bio-Dreizinnenbrot",
            "currentPrice": "€2,69",
            "originalPrice": "€3,49",
            "discount": "23% OFF",
            "unitMeasure": "500 G",
            "category": "FOOD",
            "productUrl": "https://www.spar.at/produktwelt/spar-natur-pur-bio-dreizinnenbrot-p2020005505421",
            "storeName": "SPAR"
        },
        {
            "productHash": "1cc4de23f2572678f571af12034ed945d1518c31",
            "productName": "DESPAR Spaghetti n° 3",
            "currentPrice": "€0,99",
            "originalPrice": "€1,59",
            "discount": "38% OFF",
            "unitMeasure": "500 G",
            "category": "FOOD",
            "productUrl": "https://www.spar.at/produktwelt/despar-spaghetti-n-3-p7364525",
            "storeName": "SPAR"
        },
        {
            "productHash": "0e2de3b36d973bd4ed9dbaf0386df39b0d485329",
            "productName": "SPAR Natur*pur Bio-Hendl Filet sous-vide vorgegart 2 Filets",
            "currentPrice": "€26,99",
            "originalPrice": "€31,99",
            "discount": "16% OFF",
            "unitMeasure": "1 KG",
            "category": "FOOD",
            "productUrl": "https://www.spar.at/produktwelt/spar-natur-pur-bio-hendl-filet-sous-vide-vorgegart-2-filets-p2020004338518",
            "storeName": "SPAR"
        },
        {
            "productHash": "70961a50ccac868d50cfae120ae22e3ac7453d02",
            "productName": "SPAR Natur*pur Italienisches natives Bio-Olivenöl extra",
            "currentPrice": "€12,99",
            "originalPrice": "€14,99",
            "discount": "13% OFF",
            "unitMeasure": "0,75 L",
            "category": "FOOD",
            "productUrl": "https://www.spar.at/produktwelt/spar-natur-pur-italienisches-natives-bio-olivenoel-extra-p6490980",
            "storeName": "SPAR"
        },
        {
            "productHash": "c3598d947197b2eed141c4512f78bb0b5cc564fa",
            "productName": "SPAR Natur*pur Bio-Walnüsse gerieben",
            "currentPrice": "€1,99",
            "originalPrice": "€2,99",
            "discount": "33% OFF",
            "unitMeasure": "200 G",
            "category": "FOOD",
            "productUrl": "https://www.spar.at/produktwelt/spar-natur-pur-bio-walnuesse-gerieben-p2020003849930",
            "storeName": "SPAR"
        },
        {
            "productHash": "5d00234b51f59f76e486452456c27a0932f400fd",
            "productName": "SPAR PREMIUM Spanischer Serrano Schinken Durco Reserva \"Cruce Duroc\"",
            "currentPrice": "€31,90",
            "originalPrice": "€34,90",
            "discount": "9% OFF",
            "unitMeasure": "1 KG",
            "category": "FOOD",
            "productUrl": "https://www.spar.at/produktwelt/spar-premium-spanischer-serrano-schinken-durco-reserva-cruce-duroc-p2020005233553",
            "storeName": "SPAR"
        },
        {
            "productHash": "44a03c3b6bf126d65065e4dd23d189ca841edadf",
            "productName": "SPAR Natur*pur Bio-Wellen-Frites",
            "currentPrice": "€3,49",
            "originalPrice": "€3,99",
            "discount": "13% OFF",
            "unitMeasure": "750 G",
            "category": "FOOD",
            "productUrl": "https://www.spar.at/produktwelt/spar-natur-pur-bio-wellen-frites-p2020004846877",
            "storeName": "SPAR"
        },
        {
            "productHash": "233056500916426d4598cdfe0659a9074a8bafee",
            "productName": "DESPAR Pragaschinken",
            "currentPrice": "€14,90",
            "originalPrice": "€19,90",
            "discount": "25% OFF",
            "unitMeasure": "1 KG",
            "category": "FOOD",
            "productUrl": "https://www.spar.at/produktwelt/despar-pragaschinken-p2020000402190",
            "storeName": "SPAR"
        },
        {
            "productHash": "fe1582eb8cfd172b0b2ee3d0f228dcec622a6de3",
            "productName": "SPAR Natur*pur Bio-Roggenbrot ohne Hefe",
            "currentPrice": "€3,29",
            "originalPrice": "€3,99",
            "discount": "18% OFF",
            "unitMeasure": "1 KG",
            "category": "FOOD",
            "productUrl": "https://www.spar.at/produktwelt/spar-natur-pur-bio-roggenbrot-p2304199",
            "storeName": "SPAR"
        },
        {
            "productHash": "555d2deb167359e5621677b93e74c43c8ab55c76",
            "productName": "SPAR Natur*pur Bio-Kräuter der Provence 15g",
            "currentPrice": "€2,79",
            "originalPrice": "€3,49",
            "discount": "20% OFF",
            "unitMeasure": "N/A",
            "category": "FOOD",
            "productUrl": "https://www.spar.at/produktwelt/spar-natur-pur-bio-kraeuter-der-provence-p2020004698032",
            "storeName": "SPAR"
        },
        {
            "productHash": "f3d8d87e82f14f9a5942b78a6885868085b27f39",
            "productName": "SPAR Natur*pur Bio-Schokolade zum Kochen & Backen",
            "currentPrice": "€3,99",
            "originalPrice": "€4,99",
            "discount": "20% OFF",
            "unitMeasure": "250 G",
            "category": "FOOD",
            "productUrl": "https://www.spar.at/produktwelt/spar-natur-pur-bio-schokolade-zum-kochen-backen-p2020004286574",
            "storeName": "SPAR"
        },
        {
            "productHash": "aa63ebab69cad5482d708c6235507a7ea06c7e89",
            "productName": "DESPAR Farfalle",
            "currentPrice": "€0,99",
            "originalPrice": "€1,59",
            "discount": "38% OFF",
            "unitMeasure": "500 G",
            "category": "FOOD",
            "productUrl": "https://www.spar.at/produktwelt/despar-farfalle-p2020002914066",
            "storeName": "SPAR"
        },
        {
            "productHash": "93979dc5fc2b2ec60e787bbd2fbac1e00a6c581b",
            "productName": "SPAR Schnitte Schoko Kokos",
            "currentPrice": "€1,49",
            "originalPrice": "€1,89",
            "discount": "21% OFF",
            "unitMeasure": "1 STK",
            "category": "FOOD",
            "productUrl": "https://www.spar.at/produktwelt/spar-qualitaetsmarke-schnitte-schoko-kokos-p2020002864569",
            "storeName": "SPAR"
        },
        {
            "productHash": "1535ddce28584f164e06bf4ab400e2ca3af18b82",
            "productName": "SPAR PREMIUM Prosciutto di Parma",
            "currentPrice": "€31,90",
            "originalPrice": "€43,50",
            "discount": "27% OFF",
            "unitMeasure": "1 KG",
            "category": "FOOD",
            "productUrl": "https://www.spar.at/produktwelt/spar-premium-prosciutto-di-parma-p2020001006465",
            "storeName": "SPAR"
        },
        {
            "productHash": "8a1076cf0576b8019e0695843ffdd19066e6c0c2",
            "productName": "DESPAR Pizza Vegetariana",
            "currentPrice": "€2,49",
            "originalPrice": "€2,99",
            "discount": "17% OFF",
            "unitMeasure": "468 G",
            "category": "FOOD",
            "productUrl": "https://www.spar.at/produktwelt/despar-pizza-vegetariana-p2020003109584",
            "storeName": "SPAR"
        },
        {
            "productHash": "24bb2ab9c03f36ee4df8d571967310ffdeb2e463",
            "productName": "SPAR Natur*pur Bio-Speise-Würze",
            "currentPrice": "€1,99",
            "originalPrice": "€2,79",
            "discount": "29% OFF",
            "unitMeasure": "100 ML",
            "category": "FOOD",
            "productUrl": "https://www.spar.at/produktwelt/spar-natur-pur-bio-speise-wuerze-p2020003329258",
            "storeName": "SPAR"
        },
        {
            "productHash": "05b9b0340e16bfe65fa22d93107b351d52d0874b",
            "productName": "SPAR Natur*pur Bio-Skyr-Drink Multifrucht",
            "currentPrice": "€0,99",
            "originalPrice": "€1,29",
            "discount": "23% OFF",
            "unitMeasure": "330 ML",
            "category": "FOOD",
            "productUrl": "https://www.spar.at/produktwelt/spar-natur-pur-bio-skyr-drink-multifrucht-p2020005690424",
            "storeName": "SPAR"
        },
        {
            "productHash": "997d146a67d4a1bbdc46e86ea52122358d0e1139",
            "productName": "SPAR Natur*pur Bio-Beeren-Müsli",
            "currentPrice": "€3,49",
            "originalPrice": "€3,99",
            "discount": "13% OFF",
            "unitMeasure": "375 G",
            "category": "FOOD",
            "productUrl": "https://www.spar.at/produktwelt/spar-natur-pur-bio-beeren-muesli-p2020004338433",
            "storeName": "SPAR"
        },
        {
            "productHash": "043129ca434cdf056753886719e5fd654e57e73e",
            "productName": "SPAR Natur*pur Bio-Bourbon-Vanillezucker",
            "currentPrice": "€0,49",
            "originalPrice": "€0,99",
            "discount": "51% OFF",
            "unitMeasure": "24 G",
            "category": "FOOD",
            "productUrl": "https://www.spar.at/produktwelt/spar-natur-pur-bio-bourbon-vanillezucker-p3068410",
            "storeName": "SPAR"
        },
        {
            "productHash": "ce70932d1670ece453a712ee0ee1ae7b132eb29f",
            "productName": "SPAR Vital Saatenbrot",
            "currentPrice": "€1,99",
            "originalPrice": "€2,49",
            "discount": "20% OFF",
            "unitMeasure": "400 G",
            "category": "FOOD",
            "productUrl": "https://www.spar.at/produktwelt/spar-vital-saatenbrot-p2020005022027",
            "storeName": "SPAR"
        },
        {
            "productHash": "d1b9368fe646711140f1d4b19780191dc7b53de9",
            "productName": "SPAR Schnitte Marille",
            "currentPrice": "€1,49",
            "originalPrice": "€1,89",
            "discount": "21% OFF",
            "unitMeasure": "1 STK",
            "category": "FOOD",
            "productUrl": "https://www.spar.at/produktwelt/spar-qualitaetsmarke-schnitte-marille-p2809656",
            "storeName": "SPAR"
        },
        {
            "productHash": "28c65f81a4d617f313e8f9d975b56d72c150e577",
            "productName": "SPAR Natur*pur Bio-Chiliflocken 30g",
            "currentPrice": "€2,79",
            "originalPrice": "€3,49",
            "discount": "20% OFF",
            "unitMeasure": "N/A",
            "category": "FOOD",
            "productUrl": "https://www.spar.at/produktwelt/spar-natur-pur-bio-chiliflocken-30g-p2020004814883",
            "storeName": "SPAR"
        },
        {
            "productHash": "dcbd6245c6aa8e0461c88d2295f696f5816d3656",
            "productName": "SPAR Natur*pur Bio-Weizenmehl glatt, Type 480",
            "currentPrice": "€0,99",
            "originalPrice": "€1,19",
            "discount": "17% OFF",
            "unitMeasure": "1 KG",
            "category": "FOOD",
            "productUrl": "https://www.spar.at/produktwelt/spar-natur-pur-bio-weizenmehl-glatt-type-480-p2020005405165",
            "storeName": "SPAR"
        },
        {
            "productHash": "63c5613710e50907b35a5378d4f159c98dc214de",
            "productName": "SPAR Sandwich American Style",
            "currentPrice": "€1,79",
            "originalPrice": "€1,99",
            "discount": "10% OFF",
            "unitMeasure": "750 G",
            "category": "FOOD",
            "productUrl": "https://www.spar.at/produktwelt/spar-qualitaetsmarke-sandwich-american-style-p2438283",
            "storeName": "SPAR"
        },
        {
            "productHash": "7b14f3ed8e9cad0ce3dedda22ffbebc65576444c",
            "productName": "SPAR Natur*pur Bio-Oregano 14g",
            "currentPrice": "€2,79",
            "originalPrice": "€3,49",
            "discount": "20% OFF",
            "unitMeasure": "N/A",
            "category": "FOOD",
            "productUrl": "https://www.spar.at/produktwelt/spar-natur-pur-bio-oregano-14g-p2020004059468",
            "storeName": "SPAR"
        },
        {
            "productHash": "15034d13a7513c769d0f8dd2bc0d7b801c69a133",
            "productName": "SPAR Pistazien gesalzen",
            "currentPrice": "€4,49",
            "originalPrice": "€4,99",
            "discount": "10% OFF",
            "unitMeasure": "300 G",
            "category": "FOOD",
            "productUrl": "https://www.spar.at/produktwelt/spar-qualitaetsmarke-pistazien-gesalzen-p4083412",
            "storeName": "SPAR"
        },
        {
            "productHash": "6a708c65e0f3eb1e0f3901546b8daff9c32680c2",
            "productName": "SPAR Natur*pur Österreichischer Bio-Wald- & Blütenhonig",
            "currentPrice": "€7,49",
            "originalPrice": "€8,99",
            "discount": "17% OFF",
            "unitMeasure": "500 G",
            "category": "FOOD",
            "productUrl": "https://www.spar.at/produktwelt/spar-natur-pur-oesterreichischer-bio-wald-bluetenhonig-p1645583",
            "storeName": "SPAR"
        },
        {
            "productHash": "2da78bf47d7deb839ed4d7fac7b17ebe685688db",
            "productName": "SPAR Natur*pur Bio-Ente Filet",
            "currentPrice": "€8,99",
            "originalPrice": "€9,99",
            "discount": "10% OFF",
            "unitMeasure": "240 G",
            "category": "FOOD",
            "productUrl": "https://www.spar.at/produktwelt/spar-natur-pur-bio-ente-filet-p2020004764607",
            "storeName": "SPAR"
        },
        {
            "productHash": "6f84586c5217e4bad1ae03bdd8ecb5e7563e3fbc",
            "productName": "SPAR PREMIUM Mortadella mit Pistazien",
            "currentPrice": "€14,50",
            "originalPrice": "€17,50",
            "discount": "17% OFF",
            "unitMeasure": "1 KG",
            "category": "FOOD",
            "productUrl": "https://www.spar.at/produktwelt/spar-premium-mortadella-mit-pistazien-p2020001900282",
            "storeName": "SPAR"
        },
        {
            "productHash": "384e28965d3b58789f8ceee6d8781440b3798e16",
            "productName": "SPAR Natur*pur Bio-Kartoffel- Kroketten ca. 21 Stück",
            "currentPrice": "€3,49",
            "originalPrice": "€3,99",
            "discount": "13% OFF",
            "unitMeasure": "500 G",
            "category": "FOOD",
            "productUrl": "https://www.spar.at/produktwelt/spar-natur-pur-bio-kartoffel-kroketten-ca-21-stueck-p2020004846778",
            "storeName": "SPAR"
        },
        {
            "productHash": "81efd5193a7ddc2fd951f603503b863e38576394",
            "productName": "SPAR Natur*pur Bio-Weizenmehl glatt, Type 700",
            "currentPrice": "€0,99",
            "originalPrice": "€1,19",
            "discount": "17% OFF",
            "unitMeasure": "1 KG",
            "category": "FOOD",
            "productUrl": "https://www.spar.at/produktwelt/spar-natur-pur-bio-weizenmehl-glatt-type-700-p7243172",
            "storeName": "SPAR"
        },
        {
            "productHash": "687871e2d9afb6ff3b301fb335cbeac362361d8d",
            "productName": "SPAR Natur*pur Bio-Müsli Nüsse",
            "currentPrice": "€3,49",
            "originalPrice": "€3,99",
            "discount": "13% OFF",
            "unitMeasure": "500 G",
            "category": "FOOD",
            "productUrl": "https://www.spar.at/produktwelt/spar-natur-pur-bio-nuss-muesli-p2020004338372",
            "storeName": "SPAR"
        },
        {
            "productHash": "eef53b95b095d561dc3827a606cff5228cb352ce",
            "productName": "DESPAR Spaghetti n° 5",
            "currentPrice": "€0,99",
            "originalPrice": "€1,59",
            "discount": "38% OFF",
            "unitMeasure": "500 G",
            "category": "FOOD",
            "productUrl": "https://www.spar.at/produktwelt/despar-spaghetti-n-5-p7365270",
            "storeName": "SPAR"
        },
        {
            "productHash": "809e1a593caddd972c0b2f424a379b6efa9d4ac4",
            "productName": "SPAR Natur*pur Bio-Aceto Balsamico di Modena I.G.P.",
            "currentPrice": "€3,79",
            "originalPrice": "€4,79",
            "discount": "21% OFF",
            "unitMeasure": "0,5 L",
            "category": "FOOD",
            "productUrl": "https://www.spar.at/produktwelt/spar-natur-pur-bio-aceto-balsamico-di-modena-i-g-p-p5903177",
            "storeName": "SPAR"
        },
        {
            "productHash": "617bb4ab2e33ea207fd57ee3a47b3cfa7e190647",
            "productName": "SPAR Natur*pur Bio-Hafer-Granola",
            "currentPrice": "€3,49",
            "originalPrice": "€3,99",
            "discount": "13% OFF",
            "unitMeasure": "750 G",
            "category": "FOOD",
            "productUrl": "https://www.spar.at/produktwelt/spar-natur-pur-bio-hafer-granola-p2020004338303",
            "storeName": "SPAR"
        },
        {
            "productHash": "5ff65a402dfab2fe1874fb3bfe22308c26f8b1b3",
            "productName": "SPAR Natur*pur Bio-Fitnesstange",
            "currentPrice": "€0,99",
            "originalPrice": "€1,49",
            "discount": "34% OFF",
            "unitMeasure": "1 STK",
            "category": "FOOD",
            "productUrl": "https://www.spar.at/produktwelt/spar-natur-pur-bio-fitnesstange-p2020003709739",
            "storeName": "SPAR"
        },
        {
            "productHash": "28d07af28d02ce496ea10670c85ebe9a80ab0e6c",
            "productName": "SPAR Natur*pur Bio-Ente Keulen",
            "currentPrice": "€8,99",
            "originalPrice": "€9,99",
            "discount": "10% OFF",
            "unitMeasure": "400 G",
            "category": "FOOD",
            "productUrl": "https://www.spar.at/produktwelt/spar-natur-pur-bio-ente-keulen-p2020004764614",
            "storeName": "SPAR"
        },
        {
            "productHash": "799d8a0487b04a7fb5969714927e5be9036557f8",
            "productName": "SPAR Natur*pur Bio-Vollkorn-Grieß-Brei",
            "currentPrice": "€1,99",
            "originalPrice": "€2,29",
            "discount": "13% OFF",
            "unitMeasure": "250 G",
            "category": "FOOD",
            "productUrl": "https://www.spar.at/produktwelt/spar-natur-pur-bio-vollkorn-griess-brei-p2020003834820",
            "storeName": "SPAR"
        },
        {
            "productHash": "ae5563b16f32dbf2ba21f0bfac94b8b28255b68a",
            "productName": "SPAR Natur*pur Bio-Roggenbrotmehl Type 960 1KG",
            "currentPrice": "€0,99",
            "originalPrice": "€1,19",
            "discount": "17% OFF",
            "unitMeasure": "1 KG",
            "category": "FOOD",
            "productUrl": "https://www.spar.at/produktwelt/spar-natur-pur-bio-roggenbrotmehl-type-960-p2020004062291",
            "storeName": "SPAR"
        },
        {
            "productHash": "01d445fc4ce0d1c34060311ac7efe377ce042f5e",
            "productName": "SPAR Natur*pur Bio-Hendl Filet frisch",
            "currentPrice": "€26,99",
            "originalPrice": "€30,99",
            "discount": "13% OFF",
            "unitMeasure": "1 KG",
            "category": "FOOD",
            "productUrl": "https://www.spar.at/produktwelt/spar-natur-pur-bio-hendl-filet-frisch-hkl-a-p7785252",
            "storeName": "SPAR"
        },
        {
            "productHash": "05aa9570e15f9b62b4fbacec748bcf633e55f92b",
            "productName": "SPAR Natur*pur Bio-Tortilla-Chips",
            "currentPrice": "€1,00",
            "originalPrice": "€1,49",
            "discount": "33% OFF",
            "unitMeasure": "125 G",
            "category": "FOOD",
            "productUrl": "https://www.spar.at/produktwelt/spar-natur-pur-bio-tortilla-chips-p2020002576066",
            "storeName": "SPAR"
        },
        {
            "productHash": "1b5eb697074161d17f0758f9b4fae7496c8bf28b",
            "productName": "SPAR Natur*pur Bio-Käsekrainer",
            "currentPrice": "€3,69",
            "originalPrice": "€3,79",
            "discount": "3% OFF",
            "unitMeasure": "220 G",
            "category": "FOOD",
            "productUrl": "https://www.spar.at/produktwelt/spar-natur-pur-bio-kaesekrainer-p2020002228125",
            "storeName": "SPAR"
        },
        {
            "productHash": "019acf454e8e01c6b7ec8237a0faaf095e90f7a0",
            "productName": "SPAR Natur*pur Mediterrane Bio-Mischung 40g",
            "currentPrice": "€2,79",
            "originalPrice": "€3,49",
            "discount": "20% OFF",
            "unitMeasure": "N/A",
            "category": "FOOD",
            "productUrl": "https://www.spar.at/produktwelt/spar-natur-pur-mediterrane-bio-mischung-40g-p2020004698230",
            "storeName": "SPAR"
        },
        {
            "productHash": "d86fb80e1b8bc814968874ddb727df90ba7d70bd",
            "productName": "SPAR Natur*pur Bio-Weizen-Vollkornmehl fein gemahlen",
            "currentPrice": "€0,99",
            "originalPrice": "€1,19",
            "discount": "17% OFF",
            "unitMeasure": "1 KG",
            "category": "FOOD",
            "productUrl": "https://www.spar.at/produktwelt/spar-natur-pur-bio-weizen-vollkornmehl-fein-gemahlen-p2864020",
            "storeName": "SPAR"
        },
        {
            "productHash": "b88558c4c121a7e534252ebf1b21d5d3bee0588f",
            "productName": "SPAR Natur*pur Bio-Curry 40g",
            "currentPrice": "€2,79",
            "originalPrice": "€3,49",
            "discount": "20% OFF",
            "unitMeasure": "N/A",
            "category": "FOOD",
            "productUrl": "https://www.spar.at/produktwelt/spar-natur-pur-bio-curry-40g-p2020004698124",
            "storeName": "SPAR"
        },
        {
            "productHash": "ddf745f269fdf08f9849db1826734a4233e46ba3",
            "productName": "SPAR Natur*pur Bio-Backofen-Frites",
            "currentPrice": "€3,49",
            "originalPrice": "€3,99",
            "discount": "13% OFF",
            "unitMeasure": "500 G",
            "category": "FOOD",
            "productUrl": "https://www.spar.at/produktwelt/spar-natur-pur-bio-backofen-frites-p2020004846716",
            "storeName": "SPAR"
        },
        {
            "productHash": "96c1c3893e84f3543ca72be7fe26cd67e88e63ea",
            "productName": "SPAR Natur*pur Bio-Paprika edelsüß 40g",
            "currentPrice": "€2,79",
            "originalPrice": "€3,49",
            "discount": "20% OFF",
            "unitMeasure": "N/A",
            "category": "FOOD",
            "productUrl": "https://www.spar.at/produktwelt/spar-natur-pur-bio-paprika-edelsuess-40g-p2020004698209",
            "storeName": "SPAR"
        },
        {
            "productHash": "7c48b41c91526363945cbad826c85000715744f4",
            "productName": "SPAR Natur*pur Bio-Ricotta-Spinat-Ravioli 2 Portionen",
            "currentPrice": "€2,49",
            "originalPrice": "€3,59",
            "discount": "31% OFF",
            "unitMeasure": "250 G",
            "category": "FOOD",
            "productUrl": "https://www.spar.at/produktwelt/spar-natur-pur-bio-ricotta-spinat-ravioli-2-portionen-p2020000887379",
            "storeName": "SPAR"
        },
        {
            "productHash": "e4ac822ba2eff26f926df64ad2fbf39827ebfff0",
            "productName": "SPAR Natur*pur Bio-Pufuleti",
            "currentPrice": "€1,00",
            "originalPrice": "€1,29",
            "discount": "22% OFF",
            "unitMeasure": "80 G",
            "category": "FOOD",
            "productUrl": "https://www.spar.at/produktwelt/spar-natur-pur-bio-pufuleti-p2020000706427",
            "storeName": "SPAR"
        },
        {
            "productHash": "eafaac34c530b7ae3c48430f00956790d9896da7",
            "productName": "SPAR schaut drauf Eier aus Bodenhaltung Für mehr Tierwohl Größe L",
            "currentPrice": "€2,59",
            "originalPrice": "€N/A",
            "discount": "N/A",
            "unitMeasure": "6 STK",
            "category": "FOOD",
            "productUrl": "https://www.spar.at/produktwelt/spar-qualitaetsmarke-schaut-drauf-eier-aus-bodenhaltung-fuer-mehr-tierwohl-groesse-l-p2187549",
            "storeName": "SPAR"
        },
        {
            "productHash": "0c8eb5e30761cb91ea7a0d8605572a9623087354",
            "productName": "SPAR Natur*pur Bio-Steakpfeffer scharf 45g",
            "currentPrice": "€2,79",
            "originalPrice": "€3,49",
            "discount": "20% OFF",
            "unitMeasure": "N/A",
            "category": "FOOD",
            "productUrl": "https://www.spar.at/produktwelt/spar-natur-pur-bio-steakpfeffer-45g-p2020005906655",
            "storeName": "SPAR"
        },
        {
            "productHash": "d89484399cb56f0c2bd60a55c8c55f63a2cf5178",
            "productName": "SPAR Natur*pur Bio-Rösti ca. 14 Stück",
            "currentPrice": "€3,49",
            "originalPrice": "€3,99",
            "discount": "13% OFF",
            "unitMeasure": "500 G",
            "category": "FOOD",
            "productUrl": "https://www.spar.at/produktwelt/spar-natur-pur-bio-roesti-ca-14-stueck-p2020004846723",
            "storeName": "SPAR"
        },
        {
            "productHash": "2922a77fccce3dec2fa35456e3bc12f60393ae37",
            "productName": "SPAR Natur*pur Bio-Garnelen",
            "currentPrice": "€5,99",
            "originalPrice": "€6,49",
            "discount": "8% OFF",
            "unitMeasure": "225 G",
            "category": "FOOD",
            "productUrl": "https://www.spar.at/produktwelt/spar-natur-pur-bio-garnelen-p2020004036469",
            "storeName": "SPAR"
        },
        {
            "productHash": "3bf632858b14fb77422dd51d6c9f9d748cbf9096",
            "productName": "SPAR Natur*pur Bio-Skyr-Drink Apfel-Beere",
            "currentPrice": "€0,99",
            "originalPrice": "€1,29",
            "discount": "23% OFF",
            "unitMeasure": "330 ML",
            "category": "FOOD",
            "productUrl": "https://www.spar.at/produktwelt/spar-natur-pur-bio-skyr-drink-apfel-beere-p2020005690226",
            "storeName": "SPAR"
        },
        {
            "productHash": "3e8d5b80e261b2acf5eb313a65014f5fc706b5c0",
            "productName": "SPAR Natur*pur Bio-Dinkel-Granola",
            "currentPrice": "€3,49",
            "originalPrice": "€3,99",
            "discount": "13% OFF",
            "unitMeasure": "750 G",
            "category": "FOOD",
            "productUrl": "https://www.spar.at/produktwelt/spar-natur-pur-bio-dinkel-granola-p2020004338341",
            "storeName": "SPAR"
        },
        {
            "productHash": "d73d02f8c4db63484212bb02895a9a852325ee1c",
            "productName": "SPAR Natur*pur Bio-Flesserl",
            "currentPrice": "€0,76",
            "originalPrice": "€1,15",
            "discount": "34% OFF",
            "unitMeasure": "1 STK",
            "category": "FOOD",
            "productUrl": "https://www.spar.at/produktwelt/spar-natur-pur-bio-flesserl-p5989768",
            "storeName": "SPAR"
        },
        {
            "productHash": "d5e33b8e1ba318385ea9c86b56f826d23560d493",
            "productName": "SPAR Natur*pur Bio-Frankfurter 4 x 60g",
            "currentPrice": "€3,69",
            "originalPrice": "€4,39",
            "discount": "16% OFF",
            "unitMeasure": "240 G",
            "category": "FOOD",
            "productUrl": "https://www.spar.at/produktwelt/spar-natur-pur-bio-frankfurter-4-x-60g-p6431648",
            "storeName": "SPAR"
        },
        {
            "productHash": "a7edd4a8ca22e6ad92334dd2037e81251f4a0baf",
            "productName": "SPAR PREMIUM Ciabatta",
            "currentPrice": "€1,79",
            "originalPrice": "€1,99",
            "discount": "10% OFF",
            "unitMeasure": "300 G",
            "category": "FOOD",
            "productUrl": "https://www.spar.at/produktwelt/spar-premium-ciabatta-p2020005779594",
            "storeName": "SPAR"
        },
        {
            "productHash": "30483341f45347c1be3bdb62c310220a6b55e3ea",
            "productName": "SPAR Natur*pur Bio-Kurkuma 45g",
            "currentPrice": "€2,79",
            "originalPrice": "€3,49",
            "discount": "20% OFF",
            "unitMeasure": "N/A",
            "category": "FOOD",
            "productUrl": "https://www.spar.at/produktwelt/spar-natur-pur-bio-kurkuma-45g-p2020004698254",
            "storeName": "SPAR"
        },
        {
            "productHash": "9e046303c73de31d5870047a2abc0b842922603c",
            "productName": "SPAR Natur*pur Bio-Knacker 2 x 125g",
            "currentPrice": "€3,69",
            "originalPrice": "€3,79",
            "discount": "3% OFF",
            "unitMeasure": "250 G",
            "category": "FOOD",
            "productUrl": "https://www.spar.at/produktwelt/spar-natur-pur-bio-knacker-2-x-125g-p6446741",
            "storeName": "SPAR"
        },
        {
            "productHash": "4ea0605bddd369877e9714138891d891be09e0da",
            "productName": "SPAR Natur*pur Pizzamehl",
            "currentPrice": "€0,99",
            "originalPrice": "€1,19",
            "discount": "17% OFF",
            "unitMeasure": "1 KG",
            "category": "FOOD",
            "productUrl": "https://www.spar.at/produktwelt/spar-natur-pur-pizzamehl-p2020003499593",
            "storeName": "SPAR"
        },
        {
            "productHash": "93368c1443c2d6fcc711a224d00397691199d2b7",
            "productName": "SPAR Natur*pur Bio-Weckerl mit Bio-Sauerteig 4 Stück",
            "currentPrice": "€1,59",
            "originalPrice": "€1,79",
            "discount": "11% OFF",
            "unitMeasure": "250 G",
            "category": "FOOD",
            "productUrl": "https://www.spar.at/produktwelt/spar-natur-pur-bio-weckerl-mit-bio-sauerteig-4-stueck-p2020004023483",
            "storeName": "SPAR"
        },
        {
            "productHash": "c9ab12c0d239523ba3cb8b93e7d5754577befd96",
            "productName": "SPAR Natur*pur Bio-Bircher-Müsli",
            "currentPrice": "€3,49",
            "originalPrice": "€3,99",
            "discount": "13% OFF",
            "unitMeasure": "500 G",
            "category": "FOOD",
            "productUrl": "https://www.spar.at/produktwelt/spar-natur-pur-bio-bircher-muesli-p2020005362468",
            "storeName": "SPAR"
        },
        {
            "productHash": "ae3ae72eed7907ed5392a3d7c5649adcf900d58e",
            "productName": "SPAR Natur*pur Bio-Kümmel ganz 50g",
            "currentPrice": "€2,79",
            "originalPrice": "€3,49",
            "discount": "20% OFF",
            "unitMeasure": "N/A",
            "category": "FOOD",
            "productUrl": "https://www.spar.at/produktwelt/spar-natur-pur-bio-kuemmel-ganz-50g-p2020004059444",
            "storeName": "SPAR"
        },
        {
            "productHash": "1ff48bcc9b808a785e9c3f36ec8ce745a4e522aa",
            "productName": "SPAR Natur*pur Bio-Petersilie 16g",
            "currentPrice": "€2,79",
            "originalPrice": "€3,49",
            "discount": "20% OFF",
            "unitMeasure": "N/A",
            "category": "FOOD",
            "productUrl": "https://www.spar.at/produktwelt/spar-natur-pur-bio-petersilie-16g-p2020004059499",
            "storeName": "SPAR"
        },
        {
            "productHash": "c0281e18153db26a84470075ba0fab5a75c8e626",
            "productName": "SPAR 100% reines Rapsöl",
            "currentPrice": "€4,99",
            "originalPrice": "€6,99",
            "discount": "29% OFF",
            "unitMeasure": "2 L",
            "category": "FOOD",
            "productUrl": "https://www.spar.at/produktwelt/spar-qualitaetsmarke-100-reines-rapsoel-p104791",
            "storeName": "SPAR"
        },
        {
            "productHash": "df5b268908e97489b90ff6bdab27caee99598601",
            "productName": "SPAR Natur*pur Bio-Koriander-Blätter 12g",
            "currentPrice": "€2,79",
            "originalPrice": "€3,49",
            "discount": "20% OFF",
            "unitMeasure": "N/A",
            "category": "FOOD",
            "productUrl": "https://www.spar.at/produktwelt/spar-natur-pur-bio-koriander-blaetter-12g-p2020004059390",
            "storeName": "SPAR"
        },
        {
            "productHash": "1fcc3ff75a9f96927876f2dd57bd4914eab4317c",
            "productName": "SPAR Natur*pur Ganzer Bio-Pfeffer bunt 60g",
            "currentPrice": "€2,79",
            "originalPrice": "€3,99",
            "discount": "30% OFF",
            "unitMeasure": "N/A",
            "category": "FOOD",
            "productUrl": "https://www.spar.at/produktwelt/spar-natur-pur-ganzer-bio-pfeffer-bunt-60g-p2020005906624",
            "storeName": "SPAR"
        },
        {
            "productHash": "c10a12d430820fb2c1003b595636603661b97cf5",
            "productName": "SPAR Sonnenblumenöl",
            "currentPrice": "€4,99",
            "originalPrice": "€6,99",
            "discount": "29% OFF",
            "unitMeasure": "2 L",
            "category": "FOOD",
            "productUrl": "https://www.spar.at/produktwelt/spar-qualitaetsmarke-sonnenblumenoel-p3274033",
            "storeName": "SPAR"
        },
        {
            "productHash": "2d1850f9a3d6caacd7d4636e759fc5256fdc9f4c",
            "productName": "SPAR Natur*pur Bio-Parmigiano Reggiano DOP gerieben",
            "currentPrice": "€1,79",
            "originalPrice": "€2,09",
            "discount": "14% OFF",
            "unitMeasure": "50 G",
            "category": "FOOD",
            "productUrl": "https://www.spar.at/produktwelt/spar-natur-pur-bio-parmigiano-reggiano-dop-gerieben-p2020004784735",
            "storeName": "SPAR"
        },
        {
            "productHash": "210bc88977837f607f7fa864671062d5ce96cf25",
            "productName": "SPAR Natur*pur Bio-Weizen-Brotmehl Typ 1600",
            "currentPrice": "€0,99",
            "originalPrice": "€1,19",
            "discount": "17% OFF",
            "unitMeasure": "1 KG",
            "category": "FOOD",
            "productUrl": "https://www.spar.at/produktwelt/spar-natur-pur-bio-weizen-brotmehl-typ-1600-p2020004062161",
            "storeName": "SPAR"
        },
        {
            "productHash": "117b7362b17c2074b7000eba8fd037bbfe5e275e",
            "productName": "SPAR Natur*pur Bio-Brot-Gewürz 40g",
            "currentPrice": "€2,79",
            "originalPrice": "€3,49",
            "discount": "20% OFF",
            "unitMeasure": "N/A",
            "category": "FOOD",
            "productUrl": "https://www.spar.at/produktwelt/spar-natur-pur-bio-brot-gewuerz-40g-p2020004059338",
            "storeName": "SPAR"
        },
        {
            "productHash": "eb4d84e786ea5c7d139069151e3db2e9f5af6649",
            "productName": "SPAR Schokodekor Streuer 4 Kammern",
            "currentPrice": "€2,49",
            "originalPrice": "€3,99",
            "discount": "38% OFF",
            "unitMeasure": "120 G",
            "category": "FOOD",
            "productUrl": "https://www.spar.at/produktwelt/spar-qualitaetsmarke-schokostreuer-4-kammer-streuer-p2020005742222",
            "storeName": "SPAR"
        },
        {
            "productHash": "5ba236fba20e85a02ef6e75949740d367c4e78d7",
            "productName": "DESPAR Penne Rigate",
            "currentPrice": "€0,99",
            "originalPrice": "€1,59",
            "discount": "38% OFF",
            "unitMeasure": "500 G",
            "category": "FOOD",
            "productUrl": "https://www.spar.at/produktwelt/despar-penne-rigate-p7365669",
            "storeName": "SPAR"
        },
        {
            "productHash": "6b564bec64aa434c4852ee8d55597e08ef35cf99",
            "productName": "SPAR Natur*pur Bio-Mais-Ringerl Karotte & Kürbis",
            "currentPrice": "€0,59",
            "originalPrice": "€0,89",
            "discount": "34% OFF",
            "unitMeasure": "30 G",
            "category": "FOOD",
            "productUrl": "https://www.spar.at/produktwelt/spar-natur-pur-bio-mais-ringerl-karotte-kuerbis-p2020003842801",
            "storeName": "SPAR"
        },
        {
            "productHash": "0a1b512e65ae757566b40196d3457a0dc55bee11",
            "productName": "SPAR Natur*pur Bio-Bratkartoffel- Gewürzzubereitung 40g",
            "currentPrice": "€2,79",
            "originalPrice": "€3,49",
            "discount": "20% OFF",
            "unitMeasure": "N/A",
            "category": "FOOD",
            "productUrl": "https://www.spar.at/produktwelt/spar-natur-pur-bio-bratkartoffel-gewuerzzubereitung-40g-p2020004059260",
            "storeName": "SPAR"
        },
        {
            "productHash": "645797340a56176d16668b71a721ff9a7802842a",
            "productName": "TANN Bauernschinken",
            "currentPrice": "€17,90",
            "originalPrice": "€21,90",
            "discount": "18% OFF",
            "unitMeasure": "1 KG",
            "category": "FOOD",
            "productUrl": "https://www.spar.at/produktwelt/tann-bauernschinken-p695404",
            "storeName": "SPAR"
        },
        {
            "productHash": "7ee66a7121ddf6e96fa99b5d3163dc5b6551c246",
            "productName": "TANN Extra-Pikant per KG",
            "currentPrice": "€11,90",
            "originalPrice": "€15,90",
            "discount": "25% OFF",
            "unitMeasure": "1 KG",
            "category": "FOOD",
            "productUrl": "https://www.spar.at/produktwelt/tann-extra-pikant-per-kg-p6986759",
            "storeName": "SPAR"
        },
        {
            "productHash": "fb4d95e5a2416a56c76a20fa62262329646b8065",
            "productName": "TANN Extrawurst per Stück",
            "currentPrice": "€2,49",
            "originalPrice": "€3,29",
            "discount": "24% OFF",
            "unitMeasure": "500 G",
            "category": "FOOD",
            "productUrl": "https://www.spar.at/produktwelt/tann-extrawurst-per-stueck-p673402",
            "storeName": "SPAR"
        },
        {
            "productHash": "c1ecf07cbf53bdec336fc22e4d39d8498777df29",
            "productName": "TANN Burgunderschinken per KG",
            "currentPrice": "€17,90",
            "originalPrice": "€21,90",
            "discount": "18% OFF",
            "unitMeasure": "1 KG",
            "category": "FOOD",
            "productUrl": "https://www.spar.at/produktwelt/tann-burgunderschinken-p400060",
            "storeName": "SPAR"
        },
        {
            "productHash": "5406fc89fe6e177fbf78a8ff20c46c6116b58c04",
            "productName": "TANN Frankfurter",
            "currentPrice": "€7,99",
            "originalPrice": "€11,99",
            "discount": "33% OFF",
            "unitMeasure": "1 KG",
            "category": "FOOD",
            "productUrl": "https://www.spar.at/produktwelt/tann-frankfurter-p7943270",
            "storeName": "SPAR"
        },
        {
            "productHash": "8b9d895ca7234e5e412c3a96c2c5121620dfd022",
            "productName": "TANN Wernberger Rostbratwürstel per Packung",
            "currentPrice": "€2,99",
            "originalPrice": "€3,69",
            "discount": "19% OFF",
            "unitMeasure": "300 G",
            "category": "FOOD",
            "productUrl": "https://www.spar.at/produktwelt/tann-wernberger-rostbratwuerstel-per-packung-p5345113",
            "storeName": "SPAR"
        },
        {
            "productHash": "00cfea78dbfe3504986edb7b4214378f2bb30fdd",
            "productName": "TANN Putenextra pikant per kg",
            "currentPrice": "€11,90",
            "originalPrice": "€16,90",
            "discount": "30% OFF",
            "unitMeasure": "1 KG",
            "category": "FOOD",
            "productUrl": "https://www.spar.at/produktwelt/tann-putenextra-pikant-per-kg-p2020003887901",
            "storeName": "SPAR"
        },
        {
            "productHash": "c4b6ae127125a1902abea2a1f4b5716cc6a0ea57",
            "productName": "TANN Gurkerl-Extra",
            "currentPrice": "€11,90",
            "originalPrice": "€15,90",
            "discount": "25% OFF",
            "unitMeasure": "1 KG",
            "category": "FOOD",
            "productUrl": "https://www.spar.at/produktwelt/tann-gurkerl-extra-p3556870",
            "storeName": "SPAR"
        },
        {
            "productHash": "d7cffd70945b75c0c9c528ef7899c7cf7c496cab",
            "productName": "TANN Speckwürfel",
            "currentPrice": "€2,99",
            "originalPrice": "€3,39",
            "discount": "12% OFF",
            "unitMeasure": "150 G",
            "category": "FOOD",
            "productUrl": "https://www.spar.at/produktwelt/tann-speckwuerfel-per-packung-p7772030",
            "storeName": "SPAR"
        },
        {
            "productHash": "5406ca36e495e901a2093825e39cdcd48bd4b270",
            "productName": "TANN Faschierte Laibchen",
            "currentPrice": "€2,29",
            "originalPrice": "€2,49",
            "discount": "8% OFF",
            "unitMeasure": "1 STK",
            "category": "FOOD",
            "productUrl": "https://www.spar.at/produktwelt/tann-faschierte-laibchen-p2020001822355",
            "storeName": "SPAR"
        },
        {
            "productHash": "f92fc8042f3c28028e7b29282c0fd3b1b08f92d9",
            "productName": "TANN Honigkrustenschinken",
            "currentPrice": "€17,90",
            "originalPrice": "€21,90",
            "discount": "18% OFF",
            "unitMeasure": "1 KG",
            "category": "FOOD",
            "productUrl": "https://www.spar.at/produktwelt/tann-krustenschinken-p221771",
            "storeName": "SPAR"
        },
        {
            "productHash": "c8548fece0d06342de74224accb2788256430800",
            "productName": "TANN Extrawurst per KG",
            "currentPrice": "€11,90",
            "originalPrice": "€14,90",
            "discount": "20% OFF",
            "unitMeasure": "1 KG",
            "category": "FOOD",
            "productUrl": "https://www.spar.at/produktwelt/tann-extrawurst-per-kg-p6988708",
            "storeName": "SPAR"
        },
        {
            "productHash": "82f0a15f935db21f277eb59e897a958e2c91be5b",
            "productName": "Bertagni Sugo all'arrabbiata",
            "currentPrice": "€1,49",
            "originalPrice": "€2,99",
            "discount": "50% OFF",
            "unitMeasure": "285 G",
            "category": "FOOD",
            "productUrl": "https://www.spar.at/produktwelt/bertagni-sugo-all-arrabbiata-p2020004402424",
            "storeName": "SPAR"
        },
        {
            "productHash": "ef3dcdabf535320e3387aa773c3da1a297082fb5",
            "productName": "Soletti Salzstangerl Sesam",
            "currentPrice": "€1,39",
            "originalPrice": "€2,79",
            "discount": "50% OFF",
            "unitMeasure": "230 G",
            "category": "FOOD",
            "productUrl": "https://www.spar.at/produktwelt/soletti-salzstangerl-sesam-p2020003831096",
            "storeName": "SPAR"
        },
        {
            "productHash": "72391c907881d88fbeae5d843f59646ab3a3c471",
            "productName": "Reiter Schwarzwälder",
            "currentPrice": "€21,90",
            "originalPrice": "€29,90",
            "discount": "27% OFF",
            "unitMeasure": "1 KG",
            "category": "FOOD",
            "productUrl": "https://www.spar.at/produktwelt/reiter-schwarzwaelder-p3170021",
            "storeName": "SPAR"
        },
        {
            "productHash": "86643383e48363f2ee0ce99b4a74b51059aebdea",
            "productName": "NÖM Fru Fru Kirsche",
            "currentPrice": "€0,47",
            "originalPrice": "€0,95",
            "discount": "51% OFF",
            "unitMeasure": "200 G",
            "category": "FOOD",
            "productUrl": "https://www.spar.at/produktwelt/noem-fru-fru-kirsche-p5303885",
            "storeName": "SPAR"
        },
        {
            "productHash": "1ab339665ca004cd6aecd14529e6628c2e202bce",
            "productName": "Eskimo Magnum Mini Classic + Almond + White 6 Stück",
            "currentPrice": "€7,29",
            "originalPrice": "€N/A",
            "discount": "N/A",
            "unitMeasure": "330 ML",
            "category": "FOOD",
            "productUrl": "https://www.spar.at/produktwelt/eskimo-magnum-mini-classic-almond-white-chocolate-6-stueck-p2020002342579",
            "storeName": "SPAR"
        },
        {
            "productHash": "8bb10c518126f8f464aca3f73c38e0b002a2fdae",
            "productName": "Kelly's POM-BÄR Sour Cream Style",
            "currentPrice": "€1,14",
            "originalPrice": "€2,29",
            "discount": "50% OFF",
            "unitMeasure": "65 G",
            "category": "FOOD",
            "productUrl": "https://www.spar.at/produktwelt/kelly-s-pom-baer-sour-cream-style-p2247786",
            "storeName": "SPAR"
        },
        {
            "productHash": "3a078b80ba8f17cf63e4e2ba846ebe5b4a426203",
            "productName": "OATLY Bio Haferdrink Barista",
            "currentPrice": "€1,99",
            "originalPrice": "€2,79",
            "discount": "29% OFF",
            "unitMeasure": "1 L",
            "category": "FOOD",
            "productUrl": "https://www.spar.at/produktwelt/oatly-bio-haferdrink-barista-p2020005265004",
            "storeName": "SPAR"
        },
        {
            "productHash": "cf8c0691ac79da0ccf65e9d8a210119185c36380",
            "productName": "GM Pesendorfer Studentenfutter",
            "currentPrice": "€5,99",
            "originalPrice": "€6,49",
            "discount": "8% OFF",
            "unitMeasure": "350 G",
            "category": "FOOD",
            "productUrl": "https://www.spar.at/produktwelt/gm-pesendorfer-studentenfutter-p2020002668266",
            "storeName": "SPAR"
        },
        {
            "productHash": "92709fa38c10bebb5c1cb6b63bbb58999efbbcef",
            "productName": "Iglo Fang-Frisch Königsgarnelen",
            "currentPrice": "€7,99",
            "originalPrice": "€11,99",
            "discount": "33% OFF",
            "unitMeasure": "250 G",
            "category": "FOOD",
            "productUrl": "https://www.spar.at/produktwelt/iglo-fang-frisch-koenigsgarnelen-p2020002893002",
            "storeName": "SPAR"
        },
        {
            "productHash": "1900406a7321f27f01f755c2bf4f99f8ce6cd3e3",
            "productName": "Eskimo Magnum Classic 4 Stück",
            "currentPrice": "€7,29",
            "originalPrice": "€N/A",
            "discount": "N/A",
            "unitMeasure": "400 ML",
            "category": "FOOD",
            "productUrl": "https://www.spar.at/produktwelt/eskimo-magnum-classic-4-stueck-p2020004929525",
            "storeName": "SPAR"
        },
        {
            "productHash": "126ea5fe90b744227fc682a7d106862c51688ee3",
            "productName": "NÖM Fru Fru Fru Fru Waldbeere",
            "currentPrice": "€0,47",
            "originalPrice": "€0,95",
            "discount": "51% OFF",
            "unitMeasure": "200 G",
            "category": "FOOD",
            "productUrl": "https://www.spar.at/produktwelt/noem-fru-fru-fru-fru-waldbeere-p5303892",
            "storeName": "SPAR"
        },
        {
            "productHash": "ea0ee295e6875190254e2dd219b5dbc0f5934515",
            "productName": "Manner Schnitten Zitronencreme 4 x 75g",
            "currentPrice": "€3,29",
            "originalPrice": "€3,69",
            "discount": "11% OFF",
            "unitMeasure": "300 G",
            "category": "FOOD",
            "productUrl": "https://www.spar.at/produktwelt/manner-schnitten-zitronencreme-4-x-75g-p2020000397663",
            "storeName": "SPAR"
        },
        {
            "productHash": "0c2ed43f78407a92c8555de2fe9f23556a3968ba",
            "productName": "Eskimo Magnum White Chocolate Strawberry 4 Stück",
            "currentPrice": "€7,29",
            "originalPrice": "€N/A",
            "discount": "N/A",
            "unitMeasure": "400 ML",
            "category": "FOOD",
            "productUrl": "https://www.spar.at/produktwelt/eskimo-magnum-white-chocolate-strawberry-4-stueck-p2020004929587",
            "storeName": "SPAR"
        },
        {
            "productHash": "b428384a40e2802e17dcc5a2c4d6b4ede6d6753a",
            "productName": "Soletti Salzstangerl",
            "currentPrice": "€1,39",
            "originalPrice": "€2,79",
            "discount": "50% OFF",
            "unitMeasure": "230 G",
            "category": "FOOD",
            "productUrl": "https://www.spar.at/produktwelt/soletti-salzstangerl-p6988265",
            "storeName": "SPAR"
        },
        {
            "productHash": "f67a61e0cf674187bdab7919ee0cc332a7304f84",
            "productName": "Philadelphia Klassisch Kräuter",
            "currentPrice": "€1,99",
            "originalPrice": "€2,49",
            "discount": "20% OFF",
            "unitMeasure": "175 G",
            "category": "FOOD",
            "productUrl": "https://www.spar.at/produktwelt/philadelphia-klassisch-kraeuter-p6931247",
            "storeName": "SPAR"
        },
        {
            "productHash": "af928d58d0ea8032e9fcd7fc3c09cb99e9892af6",
            "productName": "Ölz Mohn-Stollen",
            "currentPrice": "€4,79",
            "originalPrice": "€5,99",
            "discount": "20% OFF",
            "unitMeasure": "700 G",
            "category": "FOOD",
            "productUrl": "https://www.spar.at/produktwelt/oelz-mohn-stollen-p800174",
            "storeName": "SPAR"
        },
        {
            "productHash": "265bb53b9301ce4468f5708000455e70b2ec41e4",
            "productName": "Schärdinger Protein Traum Kakao",
            "currentPrice": "€0,97",
            "originalPrice": "€1,95",
            "discount": "50% OFF",
            "unitMeasure": "750 G",
            "category": "FOOD",
            "productUrl": "https://www.spar.at/produktwelt/schaerdinger-protein-traum-kakao-p2020004806086",
            "storeName": "SPAR"
        },
        {
            "productHash": "5611dee259a6432dfade7ba4a807020dbadfa7a1",
            "productName": "Kelly's Chips Ketchup",
            "currentPrice": "€1,99",
            "originalPrice": "€2,99",
            "discount": "33% OFF",
            "unitMeasure": "150 G",
            "category": "FOOD",
            "productUrl": "https://www.spar.at/produktwelt/kelly-s-chips-ketchup-p3464397",
            "storeName": "SPAR"
        },
        {
            "productHash": "e2bd78ef77b46cb1774cab457a68aa20e4d249c5",
            "productName": "Elephant Elephant Squeezed Pretzels Honig-Senf-Zwiebel",
            "currentPrice": "€1,79",
            "originalPrice": "€2,19",
            "discount": "18% OFF",
            "unitMeasure": "160 G",
            "category": "FOOD",
            "productUrl": "https://www.spar.at/produktwelt/alka-elephant-squeezed-pretzels-honig-senf-zwiebel-p2020002784713",
            "storeName": "SPAR"
        },
        {
            "productHash": "21647f7cb723ddb743a887b640a38adfb527c342",
            "productName": "Rama Cremefine SCHLAGEN",
            "currentPrice": "€0,96",
            "originalPrice": "€1,45",
            "discount": "34% OFF",
            "unitMeasure": "250 ML",
            "category": "FOOD",
            "productUrl": "https://www.spar.at/produktwelt/rama-cremefine-zum-aufschlagen-19-fett-p4859093",
            "storeName": "SPAR"
        },
        {
            "productHash": "bd41a4cd858fa2cd95c38dc1e204fb3305fd1e02",
            "productName": "Kelly's Chips Classic salted",
            "currentPrice": "€1,99",
            "originalPrice": "€2,99",
            "discount": "33% OFF",
            "unitMeasure": "150 G",
            "category": "FOOD",
            "productUrl": "https://www.spar.at/produktwelt/kelly-s-chips-classic-salted-p7525841",
            "storeName": "SPAR"
        },
        {
            "productHash": "5d272661cfc10e42dfc052b0c0ebd5cef0a42aba",
            "productName": "Dr. Oetker La Mia Grande Salame Piccante",
            "currentPrice": "€3,49",
            "originalPrice": "€4,99",
            "discount": "30% OFF",
            "unitMeasure": "380 G",
            "category": "FOOD",
            "productUrl": "https://www.spar.at/produktwelt/dr-oetker-la-mia-grande-salame-piccante-p2020003155710",
            "storeName": "SPAR"
        },
        {
            "productHash": "4f634ca3a3527e6dc4f9a0739c24550e883128a4",
            "productName": "GM Pesendorfer Pinienkerne",
            "currentPrice": "€6,49",
            "originalPrice": "€6,99",
            "discount": "7% OFF",
            "unitMeasure": "100 G",
            "category": "FOOD",
            "productUrl": "https://www.spar.at/produktwelt/gm-pesendorfer-pinienkerne-p2020003780950",
            "storeName": "SPAR"
        },
        {
            "productHash": "a45407cfc02be8653d59263bbb9e08a47b195b8c",
            "productName": "Schärdinger Bananentraum",
            "currentPrice": "€0,97",
            "originalPrice": "€1,95",
            "discount": "50% OFF",
            "unitMeasure": "750 G",
            "category": "FOOD",
            "productUrl": "https://www.spar.at/produktwelt/schaerdinger-bananentraum-p4635826",
            "storeName": "SPAR"
        },
        {
            "productHash": "f5d8aa88862cab466a12c927dda23216641dcbb7",
            "productName": "Coppenrath&Wiese Festtagstorte Sacher",
            "currentPrice": "€10,99",
            "originalPrice": "€17,49",
            "discount": "37% OFF",
            "unitMeasure": "1 KG",
            "category": "FOOD",
            "productUrl": "https://www.spar.at/produktwelt/coppenrath-wiese-festtagstorte-sacher-p3178577",
            "storeName": "SPAR"
        },
        {
            "productHash": "37e910d965c8d3efb3582ade64f238cae19d60f1",
            "productName": "Seeberger Studentenfutter",
            "currentPrice": "€6,99",
            "originalPrice": "€8,49",
            "discount": "18% OFF",
            "unitMeasure": "400 G",
            "category": "FOOD",
            "productUrl": "https://www.spar.at/produktwelt/seeberger-studentenfutter-p2020000599845",
            "storeName": "SPAR"
        },
        {
            "productHash": "7548fd1b153b5f854ee78e91872aa6f148f4ef16",
            "productName": "Philadelphia Balance Kräuter",
            "currentPrice": "€1,99",
            "originalPrice": "€2,49",
            "discount": "20% OFF",
            "unitMeasure": "175 G",
            "category": "FOOD",
            "productUrl": "https://www.spar.at/produktwelt/philadelphia-balance-kraeuter-p6930769",
            "storeName": "SPAR"
        },
        {
            "productHash": "90b86ad457451ebe4eb4dcdcc489db37213b792f",
            "productName": "Loidl Haus-Salami",
            "currentPrice": "€7,99",
            "originalPrice": "€N/A",
            "discount": "N/A",
            "unitMeasure": "400 G",
            "category": "FOOD",
            "productUrl": "https://www.spar.at/produktwelt/loidl-haus-salami-p4937036",
            "storeName": "SPAR"
        },
        {
            "productHash": "8da59bb47bce88533f85c28b5434bc77f767ad02",
            "productName": "Rama Cremefine zum Kochen 15% Fett 0,250",
            "currentPrice": "€0,96",
            "originalPrice": "€1,45",
            "discount": "34% OFF",
            "unitMeasure": "250 ML",
            "category": "FOOD",
            "productUrl": "https://www.spar.at/produktwelt/rama-cremefine-zum-kochen-15-fett-p5776238",
            "storeName": "SPAR"
        },
        {
            "productHash": "8fee89b6f746a6a01d9d814b76856e7438f291f3",
            "productName": "Eskimo Magnum Bonbon  Salted Caramel Almond 12 Stück",
            "currentPrice": "€7,29",
            "originalPrice": "€N/A",
            "discount": "N/A",
            "unitMeasure": "204 ML",
            "category": "FOOD",
            "productUrl": "https://www.spar.at/produktwelt/eskimo-magnum-bonbon-salted-caramel-almond-12-stueck-p2020005405998",
            "storeName": "SPAR"
        },
        {
            "productHash": "991523cdd6ac151b41ca30a08f155e96916ee0e2",
            "productName": "Knorr Meisterkessel Deftige Gemüsesuppe mit Kartoffeln und Speck 2 Portionen",
            "currentPrice": "€2,79",
            "originalPrice": "€3,99",
            "discount": "30% OFF",
            "unitMeasure": "500 G",
            "category": "FOOD",
            "productUrl": "https://www.spar.at/produktwelt/knorr-meisterkessel-deftige-gemuesesuppe-mit-kartoffeln-und-speck-2-portionen-p4552369",
            "storeName": "SPAR"
        },
        {
            "productHash": "2ca29ceb9336ec93387fb71e6d270ba1ad03fe0a",
            "productName": "Milka Alpenmilch Schokolade LU",
            "currentPrice": "€1,79",
            "originalPrice": "€1,99",
            "discount": "10% OFF",
            "unitMeasure": "87 G",
            "category": "FOOD",
            "productUrl": "https://www.spar.at/produktwelt/milka-alpenmilch-schokolade-lu-p1635911",
            "storeName": "SPAR"
        },
        {
            "productHash": "7265b3cb8eab428fc21458ea0cd118ebc1cd36d2",
            "productName": "Kelly's POM-BÄR Ketchup Style",
            "currentPrice": "€1,14",
            "originalPrice": "€2,29",
            "discount": "50% OFF",
            "unitMeasure": "65 G",
            "category": "FOOD",
            "productUrl": "https://www.spar.at/produktwelt/kelly-s-pom-baer-ketchup-style-p2328720",
            "storeName": "SPAR"
        },
        {
            "productHash": "26e5fda031f64343c237d79eebb032bcca257234",
            "productName": "BEN’s ORIGINAL Express Reis Jasmin",
            "currentPrice": "€2,59",
            "originalPrice": "€N/A",
            "discount": "N/A",
            "unitMeasure": "220 G",
            "category": "FOOD",
            "productUrl": "https://www.spar.at/produktwelt/ben-s-original-express-jasmin-p2020005513020",
            "storeName": "SPAR"
        },
        {
            "productHash": "4b2c285106d111d43ccde293065b96a39d07a180",
            "productName": "NÖM PRO Vanille 0,350",
            "currentPrice": "€1,14",
            "originalPrice": "€2,29",
            "discount": "50% OFF",
            "unitMeasure": "350 G",
            "category": "FOOD",
            "productUrl": "https://www.spar.at/produktwelt/noem-pro-vanille-p2020002793999",
            "storeName": "SPAR"
        },
        {
            "productHash": "a79d01f0a5dc40271532a63dbf291ae3b334fc89",
            "productName": "Kelly's Linsenchips Sour Cream",
            "currentPrice": "€1,99",
            "originalPrice": "€2,39",
            "discount": "17% OFF",
            "unitMeasure": "90 G",
            "category": "FOOD",
            "productUrl": "https://www.spar.at/produktwelt/kelly-s-linsenchips-sour-cream-p2020002776671",
            "storeName": "SPAR"
        },
        {
            "productHash": "4ba44158aa2cafcd752e0a7076e9fd04c3486cfd",
            "productName": "Ruben’s Pistaziencreme Creamy",
            "currentPrice": "€2,99",
            "originalPrice": "€3,99",
            "discount": "25% OFF",
            "unitMeasure": "180 G",
            "category": "FOOD",
            "productUrl": "https://www.spar.at/produktwelt/ruben-s-pistaziencreme-creamy-p2020005793644",
            "storeName": "SPAR"
        },
        {
            "productHash": "0b2169f4358fabe0bfabc645fd5def7a10555538",
            "productName": "Alyan Dubai Style Schokolade Pistachio",
            "currentPrice": "€3,99",
            "originalPrice": "€5,99",
            "discount": "33% OFF",
            "unitMeasure": "100 G",
            "category": "FOOD",
            "productUrl": "https://www.spar.at/produktwelt/alyan-dubai-style-schokolade-pistachio-p2020005542402",
            "storeName": "SPAR"
        },
        {
            "productHash": "12122e59a81a3a3c923024a5bd334a74e25e1074",
            "productName": "Seeberger Nusskernmischung",
            "currentPrice": "€9,99",
            "originalPrice": "€11,49",
            "discount": "13% OFF",
            "unitMeasure": "409 G",
            "category": "FOOD",
            "productUrl": "https://www.spar.at/produktwelt/seeberger-nusskernmischung-p2020000599562",
            "storeName": "SPAR"
        },
        {
            "productHash": "6fe51eb1fc6d266d88e60c3be4ab101858395775",
            "productName": "Bertagni Sugo Pomodoro Ricotta",
            "currentPrice": "€1,49",
            "originalPrice": "€2,99",
            "discount": "50% OFF",
            "unitMeasure": "285 G",
            "category": "FOOD",
            "productUrl": "https://www.spar.at/produktwelt/bertagni-sugo-pomodoro-ricotta-p2020004402394",
            "storeName": "SPAR"
        },
        {
            "productHash": "b3d15f1aaf9f737f4e5a86db079ed7e6180ff807",
            "productName": "NÖM Fru Fru Fru Fru Himbeere",
            "currentPrice": "€0,47",
            "originalPrice": "€0,95",
            "discount": "51% OFF",
            "unitMeasure": "200 G",
            "category": "FOOD",
            "productUrl": "https://www.spar.at/produktwelt/noem-fru-fru-fru-fru-himbeere-p5566389",
            "storeName": "SPAR"
        },
        {
            "productHash": "a9ff783f4a82a4b3006577984d3f2cca79d03359",
            "productName": "Südobst Bio Berglinsen",
            "currentPrice": "€1,24",
            "originalPrice": "€2,49",
            "discount": "50% OFF",
            "unitMeasure": "400 G",
            "category": "FOOD",
            "productUrl": "https://www.spar.at/produktwelt/suedobst-bio-berglinsen-p2020005564589",
            "storeName": "SPAR"
        },
        {
            "productHash": "dc9149cea7fe88dc748df49cb4a3c3d7e791dfdb",
            "productName": "Milka Alpenmilch Schokolade Joghurt",
            "currentPrice": "€1,79",
            "originalPrice": "€1,99",
            "discount": "10% OFF",
            "unitMeasure": "100 G",
            "category": "FOOD",
            "productUrl": "https://www.spar.at/produktwelt/milka-alpenmilch-schokolade-joghurt-p6265670",
            "storeName": "SPAR"
        },
        {
            "productHash": "4e8916c43f660e70b4acb6d9cd17bff83c2432fb",
            "productName": "Kelly's Jumpys Sour Cream",
            "currentPrice": "€1,79",
            "originalPrice": "€2,49",
            "discount": "28% OFF",
            "unitMeasure": "75 G",
            "category": "FOOD",
            "productUrl": "https://www.spar.at/produktwelt/kelly-s-jumpys-sour-cream-p2020000851080",
            "storeName": "SPAR"
        },
        {
            "productHash": "10def145110b6a37e67b3d152cb4eadb4b1e1bbb",
            "productName": "GM Pesendorfer Pistazien Salz",
            "currentPrice": "€4,99",
            "originalPrice": "€5,99",
            "discount": "17% OFF",
            "unitMeasure": "200 G",
            "category": "FOOD",
            "productUrl": "https://www.spar.at/produktwelt/gm-pesendorfer-pistazien-salz-p2020003571152",
            "storeName": "SPAR"
        },
        {
            "productHash": "5b3b6aad9aad0e1d313d7d055fa1f8f9a9af619d",
            "productName": "Efko Pfefferoni scharf",
            "currentPrice": "€1,99",
            "originalPrice": "€3,19",
            "discount": "38% OFF",
            "unitMeasure": "600 G",
            "category": "FOOD",
            "productUrl": "https://www.spar.at/produktwelt/efko-pfefferoni-scharf-p3680414",
            "storeName": "SPAR"
        },
        {
            "productHash": "114e95dc905fa1bfc9901f26010d7bf6e0a42591",
            "productName": "Ölz Milch Brötle mit Schokolade",
            "currentPrice": "€2,99",
            "originalPrice": "€3,59",
            "discount": "17% OFF",
            "unitMeasure": "240 G",
            "category": "FOOD",
            "productUrl": "https://www.spar.at/produktwelt/oelz-milch-broetle-mit-schokolade-p2020001958542",
            "storeName": "SPAR"
        },
        {
            "productHash": "04182672e87d74c885742dc3e5ae6ee41a82bbbe",
            "productName": "Knorr Meister Kessel Gulaschsuppe 2 Portionen",
            "currentPrice": "€2,79",
            "originalPrice": "€3,99",
            "discount": "30% OFF",
            "unitMeasure": "500 G",
            "category": "FOOD",
            "productUrl": "https://www.spar.at/produktwelt/knorr-meister-kessel-gulaschsuppe-2-portionen-p132749",
            "storeName": "SPAR"
        },
        {
            "productHash": "923d7873f6b67d127481eb9efc907ae4f2604433",
            "productName": "Ferrero Raffaello Kokos & Mandelcreme",
            "currentPrice": "€1,99",
            "originalPrice": "€2,29",
            "discount": "13% OFF",
            "unitMeasure": "90 G",
            "category": "FOOD",
            "productUrl": "https://www.spar.at/produktwelt/ferrero-raffaello-kokos-mandelcreme-p2020003966439",
            "storeName": "SPAR"
        },
        {
            "productHash": "35fc04e6cf68590045cfa5641e9b1069c7bde0e5",
            "productName": "Iglo Erntefrisch Zarte Mischung",
            "currentPrice": "€3,19",
            "originalPrice": "€4,79",
            "discount": "33% OFF",
            "unitMeasure": "700 G",
            "category": "FOOD",
            "productUrl": "https://www.spar.at/produktwelt/iglo-erntefrisch-zarte-mischung-p2551180",
            "storeName": "SPAR"
        },
        {
            "productHash": "fb40674a4a676bf4d1481e188c062d626e2c3b28",
            "productName": "Soletti Dip pikant",
            "currentPrice": "€2,99",
            "originalPrice": "€3,49",
            "discount": "14% OFF",
            "unitMeasure": "230 ML",
            "category": "FOOD",
            "productUrl": "https://www.spar.at/produktwelt/soletti-dip-pikant-p2020005702646",
            "storeName": "SPAR"
        },
        {
            "productHash": "f602229bdab5e8c778fcb8781ba59392e5ddadf5",
            "productName": "Knorr Meister Kessel Bohnen-Specksuppe Serbische Bohnen",
            "currentPrice": "€2,79",
            "originalPrice": "€3,99",
            "discount": "30% OFF",
            "unitMeasure": "500 G",
            "category": "FOOD",
            "productUrl": "https://www.spar.at/produktwelt/knorr-meister-kessel-bohnen-specksuppe-serbische-bohnen-p2020003571749",
            "storeName": "SPAR"
        },
        {
            "productHash": "2ada5c799a945b0bd6412a63ec18a60ea79a0b9f",
            "productName": "Philadelphia Balance Meerrettich",
            "currentPrice": "€1,99",
            "originalPrice": "€2,49",
            "discount": "20% OFF",
            "unitMeasure": "175 G",
            "category": "FOOD",
            "productUrl": "https://www.spar.at/produktwelt/philadelphia-balance-meerrettich-p6930820",
            "storeName": "SPAR"
        },
        {
            "productHash": "4fbbd45dbe186146dbeefa93ef198ff375fd3876",
            "productName": "Lindt Lindor Kugeln Lieblingsmix",
            "currentPrice": "€6,49",
            "originalPrice": "€12,99",
            "discount": "50% OFF",
            "unitMeasure": "200 G",
            "category": "FOOD",
            "productUrl": "https://www.spar.at/produktwelt/lindt-lindor-kugeln-lieblingsmix-p2020005451902",
            "storeName": "SPAR"
        },
        {
            "productHash": "b9cbfc19779d0f7eb03b3aa5169117a8176717d4",
            "productName": "Kelly's Jumpys Paprika",
            "currentPrice": "€1,79",
            "originalPrice": "€2,49",
            "discount": "28% OFF",
            "unitMeasure": "75 G",
            "category": "FOOD",
            "productUrl": "https://www.spar.at/produktwelt/kelly-s-jumpys-paprika-p3016954",
            "storeName": "SPAR"
        },
        {
            "productHash": "5a8d6b9ce158358f4e74ea7ff1e4085c4e7498cb",
            "productName": "Südobst Bio Sonnenmais",
            "currentPrice": "€1,24",
            "originalPrice": "€2,49",
            "discount": "50% OFF",
            "unitMeasure": "340 G",
            "category": "FOOD",
            "productUrl": "https://www.spar.at/produktwelt/suedobst-bio-sonnenmais-p2020005869646",
            "storeName": "SPAR"
        },
        {
            "productHash": "f353a0702e7195ce3f8890800484c29320a75025",
            "productName": "GM Pesendorfer Cashews \"Die Größten\" Premiumkerne",
            "currentPrice": "€5,99",
            "originalPrice": "€6,49",
            "discount": "8% OFF",
            "unitMeasure": "200 G",
            "category": "FOOD",
            "productUrl": "https://www.spar.at/produktwelt/gm-pesendorfer-cashews-die-groessten-p2020002668235",
            "storeName": "SPAR"
        },
        {
            "productHash": "ea108f3bb17964a62cc633e46b34d6e0d0bb3648",
            "productName": "Kelly's Mikrowellen Popcorn Butter Geschmack 3 x 90g",
            "currentPrice": "€2,49",
            "originalPrice": "€4,99",
            "discount": "50% OFF",
            "unitMeasure": "270 G",
            "category": "FOOD",
            "productUrl": "https://www.spar.at/produktwelt/kelly-s-mikrowellen-popcorn-microwave-butter-flavored-4-x-90g-p4800347",
            "storeName": "SPAR"
        },
        {
            "productHash": "4943afea9fabaad54c84393cabdce5a7f9abb940",
            "productName": "Lindt Lindor Kugeln Milch",
            "currentPrice": "€6,49",
            "originalPrice": "€12,99",
            "discount": "50% OFF",
            "unitMeasure": "200 G",
            "category": "FOOD",
            "productUrl": "https://www.spar.at/produktwelt/lindt-lindor-kugeln-milch-p2020001230303",
            "storeName": "SPAR"
        },
        {
            "productHash": "c0325601e47701aeff48824d8e7a5d6c9153e9c3",
            "productName": "Schärdinger cremiger Mango Traum mit Papaya",
            "currentPrice": "€0,69",
            "originalPrice": "€1,39",
            "discount": "50% OFF",
            "unitMeasure": "400 G",
            "category": "FOOD",
            "productUrl": "https://www.spar.at/produktwelt/schaerdinger-cremiger-mango-traum-mit-papaya-p7832079",
            "storeName": "SPAR"
        },
        {
            "productHash": "ceb19efb6001b0b663e806c416ec3aa93002108f",
            "productName": "Kelly's Chips Sour Cream",
            "currentPrice": "€1,99",
            "originalPrice": "€2,99",
            "discount": "33% OFF",
            "unitMeasure": "150 G",
            "category": "FOOD",
            "productUrl": "https://www.spar.at/produktwelt/kelly-s-chips-sour-cream-p3464403",
            "storeName": "SPAR"
        },
        {
            "productHash": "9bf83f30b0621b40c037ee0395330fe0f400dc4d",
            "productName": "Kelly's Chips Knoblauch",
            "currentPrice": "€1,99",
            "originalPrice": "€2,99",
            "discount": "33% OFF",
            "unitMeasure": "150 G",
            "category": "FOOD",
            "productUrl": "https://www.spar.at/produktwelt/kelly-s-chips-knoblauch-p2020002986889",
            "storeName": "SPAR"
        },
        {
            "productHash": "b8133be2d9e9e8929b7291bc5677904c8b27aaab",
            "productName": "Iglo Wildlachs MSC Wildlachs Naturfilets 2 Stück",
            "currentPrice": "€7,99",
            "originalPrice": "€11,99",
            "discount": "33% OFF",
            "unitMeasure": "250 G",
            "category": "FOOD",
            "productUrl": "https://www.spar.at/produktwelt/iglo-wildlachs-msc-wildlachs-naturfilets-2-stueck-p4874775",
            "storeName": "SPAR"
        },
        {
            "productHash": "168baec92a3247e20efb3768090a604698041992",
            "productName": "Lays Bugles Roasted Paprika",
            "currentPrice": "€1,79",
            "originalPrice": "€2,49",
            "discount": "28% OFF",
            "unitMeasure": "75 G",
            "category": "FOOD",
            "productUrl": "https://www.spar.at/produktwelt/lays-bugles-roasted-paprika-p7796050",
            "storeName": "SPAR"
        },
        {
            "productHash": "fa04ae5a7e9bcafedc9cced4c4f7cceae3d7e910",
            "productName": "Eskimo Magnum Mini Pistachio&Hazelnut 6",
            "currentPrice": "€7,29",
            "originalPrice": "€N/A",
            "discount": "N/A",
            "unitMeasure": "330 ML",
            "category": "FOOD",
            "productUrl": "https://www.spar.at/produktwelt/eskimo-magnum-mini-pistachio-hazelnut-6-p2020005622524",
            "storeName": "SPAR"
        },
        {
            "productHash": "23119e22bdbfcacf84f888262da6a72d7c901b07",
            "productName": "NÖM PRO Erdbeere 0,350",
            "currentPrice": "€1,14",
            "originalPrice": "€2,29",
            "discount": "50% OFF",
            "unitMeasure": "350 G",
            "category": "FOOD",
            "productUrl": "https://www.spar.at/produktwelt/noem-pro-erdbeere-p2020003690693",
            "storeName": "SPAR"
        },
        {
            "productHash": "502a13edf3c2fb0581ad92691842cd1720b8a9f4",
            "productName": "Bertagni Sugo Vegan",
            "currentPrice": "€1,49",
            "originalPrice": "€1,99",
            "discount": "25% OFF",
            "unitMeasure": "285 G",
            "category": "FOOD",
            "productUrl": "https://www.spar.at/produktwelt/bertagni-sugo-vegan-p2020004526878",
            "storeName": "SPAR"
        },
        {
            "productHash": "2aed472284e7c90b6e0ba09b01a11a40198ea659",
            "productName": "Lindt Lindor Kugeln Assorted",
            "currentPrice": "€6,49",
            "originalPrice": "€12,99",
            "discount": "50% OFF",
            "unitMeasure": "200 G",
            "category": "FOOD",
            "productUrl": "https://www.spar.at/produktwelt/lindt-lindor-kugeln-assorted-p2020001230310",
            "storeName": "SPAR"
        },
        {
            "productHash": "030fc6649879b324cf2e9d89bd153fde0810b65e",
            "productName": "Loidl Mini-Salamis Klassik",
            "currentPrice": "€1,52",
            "originalPrice": "€2,29",
            "discount": "34% OFF",
            "unitMeasure": "80 G",
            "category": "FOOD",
            "productUrl": "https://www.spar.at/produktwelt/loidl-mini-salamis-klassik-p6827113",
            "storeName": "SPAR"
        },
        {
            "productHash": "85f7c69c57eef7f9a86308f916970f1c64c59eb6",
            "productName": "Milka Alpenmilch Schokolade Erdbeer-Joghurt",
            "currentPrice": "€1,79",
            "originalPrice": "€1,99",
            "discount": "10% OFF",
            "unitMeasure": "100 G",
            "category": "FOOD",
            "productUrl": "https://www.spar.at/produktwelt/milka-alpenmilch-schokolade-erdbeer-joghurt-p6735821",
            "storeName": "SPAR"
        },
        {
            "productHash": "229f43ccd64a4000fce7be85b9b6fa1b2cb7f0ef",
            "productName": "Manner Neapolitaner Schnitten 4er",
            "currentPrice": "€3,29",
            "originalPrice": "€3,69",
            "discount": "11% OFF",
            "unitMeasure": "300 G",
            "category": "FOOD",
            "productUrl": "https://www.spar.at/produktwelt/manner-neapolitaner-schnitten-4er-p7658068",
            "storeName": "SPAR"
        },
        {
            "productHash": "90d36bc76bbb460e4e883754c7e57506a1746ec2",
            "productName": "Hubers Landhendl Putenschnitzel",
            "currentPrice": "€6,49",
            "originalPrice": "€8,19",
            "discount": "21% OFF",
            "unitMeasure": "500 G",
            "category": "FOOD",
            "productUrl": "https://www.spar.at/produktwelt/hubers-landhendl-putenschnitzel-p2020003534607",
            "storeName": "SPAR"
        },
        {
            "productHash": "ec9db0350674bdc05dd9db7fe6e49cc6f35ed843",
            "productName": "NÖM PRO PRO Banane 0,350",
            "currentPrice": "€1,14",
            "originalPrice": "€2,29",
            "discount": "50% OFF",
            "unitMeasure": "350 G",
            "category": "FOOD",
            "productUrl": "https://www.spar.at/produktwelt/noem-pro-pro-banane-p2020002794033",
            "storeName": "SPAR"
        },
        {
            "productHash": "2758852b02d15bff53f192af9578bc906bb055ba",
            "productName": "Eskimo Magnum Bonbon Gold Caramel Billionaire 12 Stück",
            "currentPrice": "€7,29",
            "originalPrice": "€N/A",
            "discount": "N/A",
            "unitMeasure": "204 ML",
            "category": "FOOD",
            "productUrl": "https://www.spar.at/produktwelt/eskimo-magnum-bonbon-gold-caramel-billionaire-12-stueck-p2020005406063",
            "storeName": "SPAR"
        },
        {
            "productHash": "78ee245bb2fb96943949f18ace2972b4bbc962ea",
            "productName": "Eskimo Magnum Bonbon White Chocolate & Cookies 12 Stück",
            "currentPrice": "€7,29",
            "originalPrice": "€N/A",
            "discount": "N/A",
            "unitMeasure": "204 ML",
            "category": "FOOD",
            "productUrl": "https://www.spar.at/produktwelt/eskimo-magnum-bonbon-white-chocolate-cookies-12-stueck-p2020005406032",
            "storeName": "SPAR"
        },
        {
            "productHash": "ce04d2fea7077ab7503cb68277902aad12c7d31a",
            "productName": "GM Pesendorfer Fire Mix",
            "currentPrice": "€4,49",
            "originalPrice": "€4,99",
            "discount": "10% OFF",
            "unitMeasure": "200 G",
            "category": "FOOD",
            "productUrl": "https://www.spar.at/produktwelt/gm-pesendorfer-fire-mix-p2020004119551",
            "storeName": "SPAR"
        },
        {
            "productHash": "f1d7515416270a766dc0f587d4c1e52edc8dc393",
            "productName": "OATLY Haferdrink Voll 2,8%",
            "currentPrice": "€1,99",
            "originalPrice": "€2,49",
            "discount": "20% OFF",
            "unitMeasure": "1 L",
            "category": "FOOD",
            "productUrl": "https://www.spar.at/produktwelt/oatly-haferdrink-voll-2-8-p2020004554482",
            "storeName": "SPAR"
        },
        {
            "productHash": "dc53c272283a15b4f14b78e4bd80c1675e06fa88",
            "productName": "Eskimo Magnum Double Sunlover 4 x 85 ml",
            "currentPrice": "€7,29",
            "originalPrice": "€N/A",
            "discount": "N/A",
            "unitMeasure": "340 ML",
            "category": "FOOD",
            "productUrl": "https://www.spar.at/produktwelt/eskimo-magnum-double-sunlover-4-x-85-ml-p2020004498038",
            "storeName": "SPAR"
        },
        {
            "productHash": "90dd8155943912c191e41845614d7c1dc05d9045",
            "productName": "Kelly's Popcornchips Salted",
            "currentPrice": "€1,99",
            "originalPrice": "€2,99",
            "discount": "33% OFF",
            "unitMeasure": "140 G",
            "category": "FOOD",
            "productUrl": "https://www.spar.at/produktwelt/kelly-s-popcornchips-salted-p2020003343988",
            "storeName": "SPAR"
        },
        {
            "productHash": "54ed8761e064dcc121502645b8ac02e055f9bc11",
            "productName": "NÖM Fru Fru gerührte Sauermilch Vanille Himbeere 0,200",
            "currentPrice": "€0,47",
            "originalPrice": "€0,95",
            "discount": "51% OFF",
            "unitMeasure": "200 G",
            "category": "FOOD",
            "productUrl": "https://www.spar.at/produktwelt/noem-fru-fru-geruehrte-sauermilch-vanille-himbeere-0-200-p2020005248854",
            "storeName": "SPAR"
        },
        {
            "productHash": "b51cd9ea98c744d17d28dc49884f0b9fae944aec",
            "productName": "Bahlsen Leibniz Zoo Original",
            "currentPrice": "€2,29",
            "originalPrice": "€2,49",
            "discount": "8% OFF",
            "unitMeasure": "125 G",
            "category": "FOOD",
            "productUrl": "https://www.spar.at/produktwelt/bahlsen-leibniz-zoo-original-p2797915",
            "storeName": "SPAR"
        },
        {
            "productHash": "b9fef75865e174d47c776ee6ae43e74a46c72137",
            "productName": "Efko Pfefferoni mild",
            "currentPrice": "€1,99",
            "originalPrice": "€3,19",
            "discount": "38% OFF",
            "unitMeasure": "600 G",
            "category": "FOOD",
            "productUrl": "https://www.spar.at/produktwelt/efko-pfefferoni-mild-p7471865",
            "storeName": "SPAR"
        },
        {
            "productHash": "fa4ceef54e05da149cbad12a4cdc7ca836717427",
            "productName": "Lindt Lindor Kugeln Weiß",
            "currentPrice": "€6,49",
            "originalPrice": "€12,99",
            "discount": "50% OFF",
            "unitMeasure": "200 G",
            "category": "FOOD",
            "productUrl": "https://www.spar.at/produktwelt/lindt-lindor-kugeln-weiss-p2020004051301",
            "storeName": "SPAR"
        },
        {
            "productHash": "4561d882372b5656f52e09eeacf2db6e90ce15a9",
            "productName": "Ruben’s Pistazien Creme Pistaziencreme creamy",
            "currentPrice": "€2,99",
            "originalPrice": "€3,99",
            "discount": "25% OFF",
            "unitMeasure": "180 G",
            "category": "FOOD",
            "productUrl": "https://www.spar.at/produktwelt/ruben-s-pistazien-creme-pistaziencreme-creamy-p2020005657373",
            "storeName": "SPAR"
        },
        {
            "productHash": "c450b75428bb546055a1992640d3da126c0689f3",
            "productName": "Knorr Meister Kessel Leberknödel Suppe 3 Portionen",
            "currentPrice": "€2,79",
            "originalPrice": "€3,99",
            "discount": "30% OFF",
            "unitMeasure": "500 G",
            "category": "FOOD",
            "productUrl": "https://www.spar.at/produktwelt/knorr-meister-kessel-leberknoedel-suppe-3-portionen-p132756",
            "storeName": "SPAR"
        },
        {
            "productHash": "06145248deae7b84c879924b5b8624caafeff9fa",
            "productName": "Toblerone Praline",
            "currentPrice": "€4,99",
            "originalPrice": "€9,99",
            "discount": "50% OFF",
            "unitMeasure": "180 G",
            "category": "FOOD",
            "productUrl": "https://www.spar.at/produktwelt/toblerone-pralines-assorted-p2020005825086",
            "storeName": "SPAR"
        },
        {
            "productHash": "84a83dcdcd3ddfed7c72679dcd5e55b6220f6dca",
            "productName": "Lindt Lindor Kugeln Pistazie",
            "currentPrice": "€6,49",
            "originalPrice": "€12,99",
            "discount": "50% OFF",
            "unitMeasure": "200 G",
            "category": "FOOD",
            "productUrl": "https://www.spar.at/produktwelt/lindt-lindor-kugeln-pistazie-p2020004807151",
            "storeName": "SPAR"
        },
        {
            "productHash": "b90ab72ab4a63d6455be15213783d22a93a42317",
            "productName": "Iglo Erntefrisch Junge Erbsen",
            "currentPrice": "€3,19",
            "originalPrice": "€4,79",
            "discount": "33% OFF",
            "unitMeasure": "700 G",
            "category": "FOOD",
            "productUrl": "https://www.spar.at/produktwelt/iglo-erntefrisch-junge-erbsen-p2550176",
            "storeName": "SPAR"
        },
        {
            "productHash": "a4c40d1837c07646aa87f13b4cd11ba2886b110b",
            "productName": "Milka Oreo Sandwich Oreo Sandwich",
            "currentPrice": "€1,79",
            "originalPrice": "€1,99",
            "discount": "10% OFF",
            "unitMeasure": "92 G",
            "category": "FOOD",
            "productUrl": "https://www.spar.at/produktwelt/milka-oreo-sandwich-p2020002290986",
            "storeName": "SPAR"
        },
        {
            "productHash": "d36e35e514366e8d766d07c2a3b8de8614c81cc8",
            "productName": "Lindt Lindor Tafel Milch",
            "currentPrice": "€1,99",
            "originalPrice": "€3,99",
            "discount": "50% OFF",
            "unitMeasure": "100 G",
            "category": "FOOD",
            "productUrl": "https://www.spar.at/produktwelt/lindt-lindor-tafel-milch-p953023",
            "storeName": "SPAR"
        },
        {
            "productHash": "dec42a34b5a79054915d79c1db58a559fd27fd1f",
            "productName": "Elephant Elephant Squeezed Pretzels Black & White Sesame",
            "currentPrice": "€1,79",
            "originalPrice": "€2,19",
            "discount": "18% OFF",
            "unitMeasure": "180 G",
            "category": "FOOD",
            "productUrl": "https://www.spar.at/produktwelt/alka-elephant-squeezed-pretzels-black-white-sesame-p2020003425035",
            "storeName": "SPAR"
        },
        {
            "productHash": "f3dd242202757063263e0d2ec8b31b930ae1a29e",
            "productName": "Lays Bugles Nacho Cheese",
            "currentPrice": "€1,79",
            "originalPrice": "€2,49",
            "discount": "28% OFF",
            "unitMeasure": "75 G",
            "category": "FOOD",
            "productUrl": "https://www.spar.at/produktwelt/lays-bugles-nacho-cheese-p6903350",
            "storeName": "SPAR"
        },
        {
            "productHash": "f5b40c2aa0a54644f13b0c681a5b806f4ae38190",
            "productName": "Zott Monte Mega XXL",
            "currentPrice": "€1,34",
            "originalPrice": "€2,69",
            "discount": "50% OFF",
            "unitMeasure": "400 G",
            "category": "FOOD",
            "productUrl": "https://www.spar.at/produktwelt/zott-monte-mega-xxl-p2020002818791",
            "storeName": "SPAR"
        },
        {
            "productHash": "664bded642ada2529b240870be58d0a5b0c8d150",
            "productName": "Milka Küchlein Soft Moo",
            "currentPrice": "€1,64",
            "originalPrice": "€3,29",
            "discount": "50% OFF",
            "unitMeasure": "140 G",
            "category": "FOOD",
            "productUrl": "https://www.spar.at/produktwelt/milka-kuechlein-soft-moo-p2020002933173",
            "storeName": "SPAR"
        },
        {
            "productHash": "5f1edf6b697a576622640886e4a5f0274c078d39",
            "productName": "Tuc Cracker Classic",
            "currentPrice": "€1,14",
            "originalPrice": "€2,29",
            "discount": "50% OFF",
            "unitMeasure": "100 G",
            "category": "FOOD",
            "productUrl": "https://www.spar.at/produktwelt/tuc-cracker-classic-p6799649",
            "storeName": "SPAR"
        },
        {
            "productHash": "a7d25e7fa15837994d33779bdff4b4822873719c",
            "productName": "Knorr Gemüsesuppe 12 Würfel",
            "currentPrice": "€1,32",
            "originalPrice": "€1,99",
            "discount": "34% OFF",
            "unitMeasure": "126 G",
            "category": "FOOD",
            "productUrl": "https://www.spar.at/produktwelt/knorr-gemuesesuppe-12-wuerfel-p2020004846051",
            "storeName": "SPAR"
        },
        {
            "productHash": "3154449a7d31904457d319376bfb7cb1b4060046",
            "productName": "Bertagni Sugo alle Erbe",
            "currentPrice": "€1,49",
            "originalPrice": "€1,99",
            "discount": "25% OFF",
            "unitMeasure": "285 G",
            "category": "FOOD",
            "productUrl": "https://www.spar.at/produktwelt/bertagni-sugo-alle-erbe-p2020005248427",
            "storeName": "SPAR"
        },
        {
            "productHash": "b70e60bec755b943b030027e2ccae11a145906f6",
            "productName": "Milka Alpenmilch Schokolade Ganznuss",
            "currentPrice": "€1,79",
            "originalPrice": "€1,99",
            "discount": "10% OFF",
            "unitMeasure": "95 G",
            "category": "FOOD",
            "productUrl": "https://www.spar.at/produktwelt/milka-alpenmilch-schokolade-ganznuss-p6265823",
            "storeName": "SPAR"
        },
        {
            "productHash": "923b8f0b80e21a8981a69c2aa74cf32d9e3d4fea",
            "productName": "Maggi Magic Asia Würzpaste Teriyaki Style",
            "currentPrice": "€0,74",
            "originalPrice": "€1,49",
            "discount": "50% OFF",
            "unitMeasure": "65 G",
            "category": "FOOD",
            "productUrl": "https://www.spar.at/produktwelt/maggi-magic-asia-wuerzpaste-teriyaki-style-p2020005796133",
            "storeName": "SPAR"
        },
        {
            "productHash": "cef19cf09c068cc534f7695ffd92010d9e76c747",
            "productName": "Schärdinger Sirius Camembert portioniert",
            "currentPrice": "€3,29",
            "originalPrice": "€4,79",
            "discount": "31% OFF",
            "unitMeasure": "300 G",
            "category": "FOOD",
            "productUrl": "https://www.spar.at/produktwelt/schaerdinger-camembert-p5054206",
            "storeName": "SPAR"
        },
        {
            "productHash": "0ad86d15d0423327e63ab85b9c5ba3d190289366",
            "productName": "Kelly's Riffels Kartoffelchips Sour Cream & Onion",
            "currentPrice": "€1,99",
            "originalPrice": "€2,99",
            "discount": "33% OFF",
            "unitMeasure": "130 G",
            "category": "FOOD",
            "productUrl": "https://www.spar.at/produktwelt/kelly-s-riffels-kartoffelchips-sour-cream-onion-p2020004736796",
            "storeName": "SPAR"
        },
        {
            "productHash": "eb900acb0925119eefb88ad35be11b046268f2dd",
            "productName": "Maggi Magic Asia Würzpaste Curry Indian Style",
            "currentPrice": "€0,74",
            "originalPrice": "€1,49",
            "discount": "50% OFF",
            "unitMeasure": "65 G",
            "category": "FOOD",
            "productUrl": "https://www.spar.at/produktwelt/maggi-magic-asia-wuerzpaste-curry-indian-style-p2020005796003",
            "storeName": "SPAR"
        },
        {
            "productHash": "5d61eb55e668d2d9994554ebcfff0ecf056b6161",
            "productName": "Twix white 4 x (2x23g)",
            "currentPrice": "€1,99",
            "originalPrice": "€2,99",
            "discount": "33% OFF",
            "unitMeasure": "184 G",
            "category": "FOOD",
            "productUrl": "https://www.spar.at/produktwelt/twix-white-4-x-2x23g-p2020001299522",
            "storeName": "SPAR"
        },
        {
            "productHash": "f46d75d17a4dd8a2074119181bb98c92a4fa238c",
            "productName": "Knoppers Nussriegel Kokos 3er",
            "currentPrice": "€1,59",
            "originalPrice": "€1,79",
            "discount": "11% OFF",
            "unitMeasure": "120 G",
            "category": "FOOD",
            "productUrl": "https://www.spar.at/produktwelt/knoppers-nussriegel-kokos-3er-p2020003298455",
            "storeName": "SPAR"
        },
        {
            "productHash": "44bf79cb8265977cf8b99806d2c00bdb55639f80",
            "productName": "Bahlsen Leibniz Minis Butterkeks",
            "currentPrice": "€2,29",
            "originalPrice": "€2,49",
            "discount": "8% OFF",
            "unitMeasure": "150 G",
            "category": "FOOD",
            "productUrl": "https://www.spar.at/produktwelt/bahlsen-leibniz-minis-butterkeks-p3624456",
            "storeName": "SPAR"
        },
        {
            "productHash": "137a44099476ca52956551f50c33b9176dedb00b",
            "productName": "Iglo Erntefrisch Farmers Gemüse",
            "currentPrice": "€3,19",
            "originalPrice": "€4,79",
            "discount": "33% OFF",
            "unitMeasure": "650 G",
            "category": "FOOD",
            "productUrl": "https://www.spar.at/produktwelt/iglo-erntefrisch-farmers-gemuese-p2552637",
            "storeName": "SPAR"
        },
        {
            "productHash": "6ebda82f468e7d533753d63ec279f6367cf19afb",
            "productName": "OATLY Haferdrink Barista",
            "currentPrice": "€1,99",
            "originalPrice": "€2,79",
            "discount": "29% OFF",
            "unitMeasure": "1 L",
            "category": "FOOD",
            "productUrl": "https://www.spar.at/produktwelt/oatly-haferdrink-barista-p2020003177736",
            "storeName": "SPAR"
        },
        {
            "productHash": "f5757c26218ffbfdc2622e682e40f9be783291b9",
            "productName": "Rama Schlagcreme 100% Pflanzlich",
            "currentPrice": "€0,96",
            "originalPrice": "€1,45",
            "discount": "34% OFF",
            "unitMeasure": "200 ML",
            "category": "FOOD",
            "productUrl": "https://www.spar.at/produktwelt/rama-schlagcreme-100-pflanzlich-p2020003577468",
            "storeName": "SPAR"
        },
        {
            "productHash": "2a219abd91be8aca278cb5125ee83dac9f1657cc",
            "productName": "Kelly's 4 in 1 Chips Joghurt Gurke",
            "currentPrice": "€1,99",
            "originalPrice": "€2,39",
            "discount": "17% OFF",
            "unitMeasure": "70 G",
            "category": "FOOD",
            "productUrl": "https://www.spar.at/produktwelt/kelly-s-4-in-1-chips-joghurt-gurke-p2020003791826",
            "storeName": "SPAR"
        },
        {
            "productHash": "46095ac45180dc65f634dbabadb754a9221ffbc1",
            "productName": "SalzburgMilch Premium Bergbauern H-Milch 3,5%",
            "currentPrice": "€0,99",
            "originalPrice": "€1,59",
            "discount": "38% OFF",
            "unitMeasure": "1 L",
            "category": "FOOD",
            "productUrl": "https://www.spar.at/produktwelt/salzburgmilch-premium-bergbauern-h-milch-3-5-p2020000957461",
            "storeName": "SPAR"
        },
        {
            "productHash": "18f9831550b47ea9e0ce4337940bc681798694d0",
            "productName": "GM Pesendorfer Bar Mix",
            "currentPrice": "€4,49",
            "originalPrice": "€4,99",
            "discount": "10% OFF",
            "unitMeasure": "200 G",
            "category": "FOOD",
            "productUrl": "https://www.spar.at/produktwelt/gm-pesendorfer-bar-mix-p2020002668310",
            "storeName": "SPAR"
        },
        {
            "productHash": "ecd09202b3ddd7ad5c45e9bbc000a7879c6f1dc7",
            "productName": "Nestlé After Eight Orange 200g",
            "currentPrice": "€4,49",
            "originalPrice": "€4,99",
            "discount": "10% OFF",
            "unitMeasure": "200 G",
            "category": "FOOD",
            "productUrl": "https://www.spar.at/produktwelt/nestle-after-eight-orange-200g-p2020003099021",
            "storeName": "SPAR"
        },
        {
            "productHash": "ff08c8ffc79e1e74d095fbd9491a687869b93423",
            "productName": "Iglo Erntefrisch Ganze Fisolen",
            "currentPrice": "€3,19",
            "originalPrice": "€4,79",
            "discount": "33% OFF",
            "unitMeasure": "650 G",
            "category": "FOOD",
            "productUrl": "https://www.spar.at/produktwelt/iglo-erntefrisch-ganze-fisolen-p2550237",
            "storeName": "SPAR"
        },
        {
            "productHash": "5005663b7eb82e839de448ceba30f6908f086354",
            "productName": "Lindt Lindor Tafel Pistazie",
            "currentPrice": "€1,99",
            "originalPrice": "€3,99",
            "discount": "50% OFF",
            "unitMeasure": "100 G",
            "category": "FOOD",
            "productUrl": "https://www.spar.at/produktwelt/lindt-lindor-tafel-pistazie-p2020003096242",
            "storeName": "SPAR"
        },
        {
            "productHash": "ffc3b54b630316472c84f4bd76b747fa34fe4f88",
            "productName": "Iglo Erntefrisch Broccoli",
            "currentPrice": "€3,19",
            "originalPrice": "€4,79",
            "discount": "33% OFF",
            "unitMeasure": "600 G",
            "category": "FOOD",
            "productUrl": "https://www.spar.at/produktwelt/iglo-erntefrisch-broccoli-p4665106",
            "storeName": "SPAR"
        },
        {
            "productHash": "4e5ce4b31cc5ec678363f05666daab6eaa8c2691",
            "productName": "Mars Karamell 3er",
            "currentPrice": "€1,99",
            "originalPrice": "€2,29",
            "discount": "13% OFF",
            "unitMeasure": "135 G",
            "category": "FOOD",
            "productUrl": "https://www.spar.at/produktwelt/mars-karamell-3er-p2020004847126",
            "storeName": "SPAR"
        },
        {
            "productHash": "84b01259309bc55fc24f87feb06dc926f4f58317",
            "productName": "Kelly's Chips Paprika",
            "currentPrice": "€1,99",
            "originalPrice": "€2,99",
            "discount": "33% OFF",
            "unitMeasure": "150 G",
            "category": "FOOD",
            "productUrl": "https://www.spar.at/produktwelt/kelly-s-chips-paprika-p7529467",
            "storeName": "SPAR"
        },
        {
            "productHash": "fae196e720e51c7efca0ec120c4ab912adea4b69",
            "productName": "Philadelphia So Leicht Natur",
            "currentPrice": "€1,99",
            "originalPrice": "€2,49",
            "discount": "20% OFF",
            "unitMeasure": "175 G",
            "category": "FOOD",
            "productUrl": "https://www.spar.at/produktwelt/philadelphia-so-leicht-natur-p6930523",
            "storeName": "SPAR"
        },
        {
            "productHash": "4c2cb205a5e122291b72ed29e763fecb0b3606cc",
            "productName": "Twix Knusperkeks 3er",
            "currentPrice": "€1,99",
            "originalPrice": "€2,29",
            "discount": "13% OFF",
            "unitMeasure": "150 G",
            "category": "FOOD",
            "productUrl": "https://www.spar.at/produktwelt/twix-knusperkeks-3er-p2020004847102",
            "storeName": "SPAR"
        },
        {
            "productHash": "4ed04d9e6b63a74fcd4e7dc7e2b5937db095af5d",
            "productName": "Manner Neapolitaner Vollkorn 3 x 75g",
            "currentPrice": "€3,29",
            "originalPrice": "€3,69",
            "discount": "11% OFF",
            "unitMeasure": "225 G",
            "category": "FOOD",
            "productUrl": "https://www.spar.at/produktwelt/manner-neapolitaner-vollkorn-3-x-75g-p7660436",
            "storeName": "SPAR"
        },
        {
            "productHash": "0f9192ed4257ed65eacaf9780139807f7c01c2f7",
            "productName": "NÖM PRO Kakao 0,350",
            "currentPrice": "€1,14",
            "originalPrice": "€2,29",
            "discount": "50% OFF",
            "unitMeasure": "350 G",
            "category": "FOOD",
            "productUrl": "https://www.spar.at/produktwelt/noem-pro-kakao-p2020002793975",
            "storeName": "SPAR"
        },
        {
            "productHash": "a12ee022e4287ccfb6ce3693b83a3a824424a2c3",
            "productName": "Eskimo Magnum Mini Almond 6 Stück",
            "currentPrice": "€7,29",
            "originalPrice": "€N/A",
            "discount": "N/A",
            "unitMeasure": "330 ML",
            "category": "FOOD",
            "productUrl": "https://www.spar.at/produktwelt/eskimo-magnum-mini-almond-6-stueck-p2020002311216",
            "storeName": "SPAR"
        },
        {
            "productHash": "b8df21dbbde0a2afca0af68ca3561e1ca8628123",
            "productName": "Soletti Babybrezel",
            "currentPrice": "€1,24",
            "originalPrice": "€2,49",
            "discount": "50% OFF",
            "unitMeasure": "200 G",
            "category": "FOOD",
            "productUrl": "https://www.spar.at/produktwelt/soletti-babybrezel-p6978792",
            "storeName": "SPAR"
        },
        {
            "productHash": "80498892250689dd747a8473267b4605183e02bd",
            "productName": "Nestlé After Eight Classic 200g",
            "currentPrice": "€4,49",
            "originalPrice": "€4,99",
            "discount": "10% OFF",
            "unitMeasure": "200 G",
            "category": "FOOD",
            "productUrl": "https://www.spar.at/produktwelt/nestle-after-eight-classic-p7621048",
            "storeName": "SPAR"
        },
        {
            "productHash": "849fc483bb9e4a2f195e8f42ca72afb0c29351ac",
            "productName": "GM Pesendorfer Erdbeer Chips",
            "currentPrice": "€3,99",
            "originalPrice": "€4,49",
            "discount": "11% OFF",
            "unitMeasure": "30 G",
            "category": "FOOD",
            "productUrl": "https://www.spar.at/produktwelt/gm-pesendorfer-erdbeer-chips-p2020003219788",
            "storeName": "SPAR"
        },
        {
            "productHash": "b0d84dcc0105e614ea820f0e57770dda6679bdc8",
            "productName": "Milka Küchlein Choco Brookie",
            "currentPrice": "€1,64",
            "originalPrice": "€3,29",
            "discount": "50% OFF",
            "unitMeasure": "132 G",
            "category": "FOOD",
            "productUrl": "https://www.spar.at/produktwelt/milka-kuechlein-choco-brookie-p2020004286567",
            "storeName": "SPAR"
        },
        {
            "productHash": "701a490e6767e768e7c8d46a505e3b8439462c8e",
            "productName": "Bahlsen Leibniz Minis Choco",
            "currentPrice": "€2,29",
            "originalPrice": "€2,49",
            "discount": "8% OFF",
            "unitMeasure": "125 G",
            "category": "FOOD",
            "productUrl": "https://www.spar.at/produktwelt/bahlsen-leibniz-minis-choco-p3624449",
            "storeName": "SPAR"
        },
        {
            "productHash": "24d8dc4821b8a2d9ce7db94f00e07ca6c0f15695",
            "productName": "Loidl Salami Sticks",
            "currentPrice": "€1,52",
            "originalPrice": "€2,29",
            "discount": "34% OFF",
            "unitMeasure": "80 G",
            "category": "FOOD",
            "productUrl": "https://www.spar.at/produktwelt/loidl-salami-sticks-p2020003192586",
            "storeName": "SPAR"
        },
        {
            "productHash": "825d9c6040a4c03c1dbfa534e57424340fc95f9b",
            "productName": "Manner Snack Minis Schoko",
            "currentPrice": "€3,29",
            "originalPrice": "€3,69",
            "discount": "11% OFF",
            "unitMeasure": "225 G",
            "category": "FOOD",
            "productUrl": "https://www.spar.at/produktwelt/manner-snack-minis-schoko-p2020004238207",
            "storeName": "SPAR"
        },
        {
            "productHash": "21fe7b18b0871c48097ab0f3ece75e0aa0a1bd91",
            "productName": "Knorr Meister Kessel Serbische Bohnensuppe 2 Portionen",
            "currentPrice": "€2,79",
            "originalPrice": "€3,99",
            "discount": "30% OFF",
            "unitMeasure": "500 G",
            "category": "FOOD",
            "productUrl": "https://www.spar.at/produktwelt/knorr-meister-kessel-serbische-bohnensuppe-2-portionen-p132800",
            "storeName": "SPAR"
        },
        {
            "productHash": "a1b6f0e209dcfd2ac02df962594562bfb5a604b7",
            "productName": "Milka Alpenmilch Schokolade",
            "currentPrice": "€1,79",
            "originalPrice": "€1,99",
            "discount": "10% OFF",
            "unitMeasure": "90 G",
            "category": "FOOD",
            "productUrl": "https://www.spar.at/produktwelt/milka-alpenmilch-schokolade-p6265564",
            "storeName": "SPAR"
        },
        {
            "productHash": "07b5ddb5bcab11dc63c3315eb91d85432dd0ade6",
            "productName": "Milka Alpenmilch Schokolade Noisette",
            "currentPrice": "€1,79",
            "originalPrice": "€1,99",
            "discount": "10% OFF",
            "unitMeasure": "90 G",
            "category": "FOOD",
            "productUrl": "https://www.spar.at/produktwelt/milka-alpenmilch-schokolade-noisette-p6265755",
            "storeName": "SPAR"
        },
        {
            "productHash": "741f0d153f8adeafcd9dbfccfa83fe27032da074",
            "productName": "BEN’s ORIGINAL Express Reis Langkorn",
            "currentPrice": "€2,59",
            "originalPrice": "€N/A",
            "discount": "N/A",
            "unitMeasure": "220 G",
            "category": "FOOD",
            "productUrl": "https://www.spar.at/produktwelt/ben-s-original-express-reis-langkorn-p4155614",
            "storeName": "SPAR"
        },
        {
            "productHash": "b7db40a45479c25b6e4c71c24465ace79ce383fa",
            "productName": "Philadelphia Klassisch Natur",
            "currentPrice": "€1,99",
            "originalPrice": "€2,49",
            "discount": "20% OFF",
            "unitMeasure": "175 G",
            "category": "FOOD",
            "productUrl": "https://www.spar.at/produktwelt/philadelphia-klassisch-natur-p6931261",
            "storeName": "SPAR"
        },
        {
            "productHash": "c68ef352098a86d07c39c26f2df99eacdd772bff",
            "productName": "Ruben’s Pistazien Creme Pistaziencreme crunchy",
            "currentPrice": "€2,99",
            "originalPrice": "€3,99",
            "discount": "25% OFF",
            "unitMeasure": "180 G",
            "category": "FOOD",
            "productUrl": "https://www.spar.at/produktwelt/ruben-s-pistazien-creme-pistaziencreme-crunchy-p2020005657380",
            "storeName": "SPAR"
        },
        {
            "productHash": "d256a4cf29427e168609eccbaf0f262fda52265d",
            "productName": "Lindt Lindor Tafel Weiß",
            "currentPrice": "€1,99",
            "originalPrice": "€3,99",
            "discount": "50% OFF",
            "unitMeasure": "100 G",
            "category": "FOOD",
            "productUrl": "https://www.spar.at/produktwelt/lindt-lindor-tafel-weiss-p953030",
            "storeName": "SPAR"
        },
        {
            "productHash": "b79ae277aff8468aa13e1a89e15a7dc7c3e3bf3d",
            "productName": "NÖM Fru Fru gerührte Sauermilch mit Frucht Vanille Kaffee 0,200",
            "currentPrice": "€0,47",
            "originalPrice": "€0,95",
            "discount": "51% OFF",
            "unitMeasure": "200 G",
            "category": "FOOD",
            "productUrl": "https://www.spar.at/produktwelt/noem-fru-fru-geruehrte-sauermilch-mit-frucht-vanille-kaffee-0-200-p2020005405370",
            "storeName": "SPAR"
        },
        {
            "productHash": "b33c52258edb50a033c7d94bd47d9d59f68b5b80",
            "productName": "Kelly's Zwiebli-Ringe",
            "currentPrice": "€1,79",
            "originalPrice": "€2,49",
            "discount": "28% OFF",
            "unitMeasure": "80 G",
            "category": "FOOD",
            "productUrl": "https://www.spar.at/produktwelt/kelly-s-zwiebli-ringe-p7043352",
            "storeName": "SPAR"
        },
        {
            "productHash": "dafb2bd1dd251eee303f62d75437f3050930bf48",
            "productName": "Knorr Meister Kessel Kartoffelsuppe 2 Portionen",
            "currentPrice": "€2,79",
            "originalPrice": "€3,99",
            "discount": "30% OFF",
            "unitMeasure": "500 G",
            "category": "FOOD",
            "productUrl": "https://www.spar.at/produktwelt/knorr-meister-kessel-kartoffelsuppe-2-portionen-p309813",
            "storeName": "SPAR"
        },
        {
            "productHash": "21b5598cdd560e91883e57163e687f07c146567b",
            "productName": "BEN’s ORIGINAL Express Risi Bisi",
            "currentPrice": "€2,59",
            "originalPrice": "€N/A",
            "discount": "N/A",
            "unitMeasure": "220 G",
            "category": "FOOD",
            "productUrl": "https://www.spar.at/produktwelt/ben-s-original-express-risi-bisi-p2020003291265",
            "storeName": "SPAR"
        },
        {
            "productHash": "9b50324a4662a40c2ca12a1103db97ecb5df3597",
            "productName": "Knorr Meister Kessel Kräftige Rindsuppe 2 Portionen",
            "currentPrice": "€2,79",
            "originalPrice": "€3,99",
            "discount": "30% OFF",
            "unitMeasure": "500 G",
            "category": "FOOD",
            "productUrl": "https://www.spar.at/produktwelt/knorr-meister-kessel-kraeftige-rindsuppe-2-prtionen-p3946398",
            "storeName": "SPAR"
        },
        {
            "productHash": "02573a471807f4a8f414733e8265c93906aed3d7",
            "productName": "Bertagni Ragu alla Bolognese",
            "currentPrice": "€1,49",
            "originalPrice": "€2,99",
            "discount": "50% OFF",
            "unitMeasure": "285 G",
            "category": "FOOD",
            "productUrl": "https://www.spar.at/produktwelt/bertagni-ragu-alla-bolognese-p2020005932524",
            "storeName": "SPAR"
        },
        {
            "productHash": "a72c5da550f80c8273b8c84ef128cbfb761fc06f",
            "productName": "Wojnar's Liptauer scharf",
            "currentPrice": "€1,69",
            "originalPrice": "€1,99",
            "discount": "15% OFF",
            "unitMeasure": "150 G",
            "category": "FOOD",
            "productUrl": "https://www.spar.at/produktwelt/wojnar-liptauer-scharf-p2020005732551",
            "storeName": "SPAR"
        },
        {
            "productHash": "fc7b3c8d33282e83b7eb9f97aaaf21ccd34c1e0e",
            "productName": "Funny Frisch Ofen Chips Sour Cream",
            "currentPrice": "€1,99",
            "originalPrice": "€2,99",
            "discount": "33% OFF",
            "unitMeasure": "125 G",
            "category": "FOOD",
            "productUrl": "https://www.spar.at/produktwelt/funny-frisch-ofen-chips-sour-cream-p7772498",
            "storeName": "SPAR"
        },
        {
            "productHash": "9b9ade036b6696483d54093d8b7321847fd08445",
            "productName": "Niemetz Schwedenbomben 6 Stück",
            "currentPrice": "€2,49",
            "originalPrice": "€2,79",
            "discount": "11% OFF",
            "unitMeasure": "N/A",
            "category": "FOOD",
            "productUrl": "https://www.spar.at/produktwelt/niemetz-schwedenbomben-6er-6-stueck-p6986667",
            "storeName": "SPAR"
        },
        {
            "productHash": "b66cb096b2634ee666dd9c6ee2b6b4dab0d2008d",
            "productName": "Doritos Tortilla Chips Sweet Chili Pepper",
            "currentPrice": "€1,99",
            "originalPrice": "€2,49",
            "discount": "20% OFF",
            "unitMeasure": "N/A",
            "category": "FOOD",
            "productUrl": "https://www.spar.at/produktwelt/doritos-tortilla-chips-sweet-chili-pepper-p6517861",
            "storeName": "SPAR"
        },
        {
            "productHash": "3ef3021dd6b86964e74d1bc68b1ad5817254cdb1",
            "productName": "Bertagni Sugo al Tonno",
            "currentPrice": "€1,49",
            "originalPrice": "€2,99",
            "discount": "50% OFF",
            "unitMeasure": "285 G",
            "category": "FOOD",
            "productUrl": "https://www.spar.at/produktwelt/bertagni-sugo-al-tonno-p2020004402370",
            "storeName": "SPAR"
        },
        {
            "productHash": "2625384700e401c40597376faf9e7074cc3c3600",
            "productName": "Milka Alpenmilch Schokolade Tuc",
            "currentPrice": "€1,79",
            "originalPrice": "€1,99",
            "discount": "10% OFF",
            "unitMeasure": "87 G",
            "category": "FOOD",
            "productUrl": "https://www.spar.at/produktwelt/milka-alpenmilch-schokolade-tuc-p1635706",
            "storeName": "SPAR"
        },
        {
            "productHash": "1fa7576ed87328ec7216fab96f6215222524becb",
            "productName": "Bertagni Sugo al Basilico",
            "currentPrice": "€1,49",
            "originalPrice": "€2,99",
            "discount": "50% OFF",
            "unitMeasure": "285 G",
            "category": "FOOD",
            "productUrl": "https://www.spar.at/produktwelt/bertagni-sugo-al-basilico-p2020004402417",
            "storeName": "SPAR"
        },
        {
            "productHash": "20c81067f76d08b63ca13e69b77f8121d70461d7",
            "productName": "Bahlsen Leibniz Zoo Dinkel & Hafer",
            "currentPrice": "€2,29",
            "originalPrice": "€2,49",
            "discount": "8% OFF",
            "unitMeasure": "125 G",
            "category": "FOOD",
            "productUrl": "https://www.spar.at/produktwelt/bahlsen-leibniz-zoo-dinkel-hafer-p6482428",
            "storeName": "SPAR"
        },
        {
            "productHash": "a462c720938999641237053fc5b78be3b6aa37db",
            "productName": "Milka Küchlein Choc & Choc",
            "currentPrice": "€1,64",
            "originalPrice": "€3,29",
            "discount": "50% OFF",
            "unitMeasure": "175 G",
            "category": "FOOD",
            "productUrl": "https://www.spar.at/produktwelt/milka-kuechlein-choc-choc-p2020000730316",
            "storeName": "SPAR"
        },
        {
            "productHash": "a4c224232c5104573fa74bb31b0fe97713fb1c7f",
            "productName": "Knorr Meisterkessel Hühnersuppe mit Nudeln",
            "currentPrice": "€2,79",
            "originalPrice": "€3,99",
            "discount": "30% OFF",
            "unitMeasure": "500 G",
            "category": "FOOD",
            "productUrl": "https://www.spar.at/produktwelt/knorr-meisterkessel-huehnersuppe-mit-nudeln-p3150511",
            "storeName": "SPAR"
        },
        {
            "productHash": "25ffd51df73caaaf882cd85047d4ac9c29f6d347",
            "productName": "Maggi Magic Asia Würzpaste Curry Thai Style",
            "currentPrice": "€0,74",
            "originalPrice": "€1,49",
            "discount": "50% OFF",
            "unitMeasure": "65 G",
            "category": "FOOD",
            "productUrl": "https://www.spar.at/produktwelt/maggi-magic-asia-wuerzpaste-curry-thai-style-p2020005796171",
            "storeName": "SPAR"
        },
        {
            "productHash": "1ea23f49ddc630a98fdd8f4430d75395ca22b3ff",
            "productName": "Milka Alpenmilch Schokolade Traube Nuss",
            "currentPrice": "€1,79",
            "originalPrice": "€1,99",
            "discount": "10% OFF",
            "unitMeasure": "90 G",
            "category": "FOOD",
            "productUrl": "https://www.spar.at/produktwelt/milka-alpenmilch-schokolade-traube-nuss-p6265779",
            "storeName": "SPAR"
        },
        {
            "productHash": "3ebd8ead1bbc214ca51d206e3d268daa8ab50b9d",
            "productName": "Iglo Mehlspeistraum Mohnnudeln",
            "currentPrice": "€3,32",
            "originalPrice": "€4,99",
            "discount": "33% OFF",
            "unitMeasure": "500 G",
            "category": "FOOD",
            "productUrl": "https://www.spar.at/produktwelt/iglo-mehlspeistraum-mohnnudeln-p3238356",
            "storeName": "SPAR"
        },
        {
            "productHash": "db9693065efc87627d0f5405933175255a91a1fb",
            "productName": "Milka Alpenmilch Schokolade Oreo",
            "currentPrice": "€1,79",
            "originalPrice": "€1,99",
            "discount": "10% OFF",
            "unitMeasure": "100 G",
            "category": "FOOD",
            "productUrl": "https://www.spar.at/produktwelt/milka-alpenmilch-schokolade-oreo-p8039521",
            "storeName": "SPAR"
        },
        {
            "productHash": "f735f6cde2ea0806d90c4320993600434d7b83d1",
            "productName": "Kelly's Riffels Kartoffelchips Salz",
            "currentPrice": "€1,99",
            "originalPrice": "€2,99",
            "discount": "33% OFF",
            "unitMeasure": "130 G",
            "category": "FOOD",
            "productUrl": "https://www.spar.at/produktwelt/kelly-s-riffels-kartoffelchips-salz-p2020004581143",
            "storeName": "SPAR"
        },
        {
            "productHash": "d1b6eb0a7072e957dd22ca5b42582f733e516020",
            "productName": "Ölz Nuss-Stollen",
            "currentPrice": "€4,79",
            "originalPrice": "€5,99",
            "discount": "20% OFF",
            "unitMeasure": "700 G",
            "category": "FOOD",
            "productUrl": "https://www.spar.at/produktwelt/oelz-nuss-stollen-p800181",
            "storeName": "SPAR"
        },
        {
            "productHash": "a6c418c20c60126f162ba1190cb8c10ce119370b",
            "productName": "Snickers 3er",
            "currentPrice": "€1,99",
            "originalPrice": "€2,29",
            "discount": "13% OFF",
            "unitMeasure": "150 G",
            "category": "FOOD",
            "productUrl": "https://www.spar.at/produktwelt/snickers-3er-p2020004847096",
            "storeName": "SPAR"
        },
        {
            "productHash": "1650d021110612caa32c5c61dab8f66e804d573d",
            "productName": "Kelly's Chips Party Paprika",
            "currentPrice": "€1,99",
            "originalPrice": "€3,99",
            "discount": "50% OFF",
            "unitMeasure": "250 G",
            "category": "FOOD",
            "productUrl": "https://www.spar.at/produktwelt/kelly-s-chips-party-paprika-p5001842",
            "storeName": "SPAR"
        },
        {
            "productHash": "c479a03f49e383d4c018509dc2da2747e9d6c5e2",
            "productName": "Ölz Nuss-Stollen gerollt",
            "currentPrice": "€4,79",
            "originalPrice": "€5,99",
            "discount": "20% OFF",
            "unitMeasure": "700 G",
            "category": "FOOD",
            "productUrl": "https://www.spar.at/produktwelt/oelz-nuss-stollen-gerollt-p5025480",
            "storeName": "SPAR"
        },
        {
            "productHash": "322533d2fdd7b39f3c5c563e3004ebf84935d6ca",
            "productName": "Iglo Erntefrisch Buntes Gemüse Trio",
            "currentPrice": "€3,19",
            "originalPrice": "€4,79",
            "discount": "33% OFF",
            "unitMeasure": "650 G",
            "category": "FOOD",
            "productUrl": "https://www.spar.at/produktwelt/iglo-erntefrisch-buntes-gemuese-trio-p2552774",
            "storeName": "SPAR"
        },
        {
            "productHash": "459966269144e176e5444ef706d093c7a8985abb",
            "productName": "Kelly's Linsen Chips Paprika Style",
            "currentPrice": "€1,99",
            "originalPrice": "€2,39",
            "discount": "17% OFF",
            "unitMeasure": "90 G",
            "category": "FOOD",
            "productUrl": "https://www.spar.at/produktwelt/kelly-s-linsen-chips-paprika-style-p2020004974938",
            "storeName": "SPAR"
        },
        {
            "productHash": "fd87cb4a5ab15ffe989e9c0c85e0ce9848463069",
            "productName": "Philadelphia Balance Natur",
            "currentPrice": "€1,99",
            "originalPrice": "€2,49",
            "discount": "20% OFF",
            "unitMeasure": "175 G",
            "category": "FOOD",
            "productUrl": "https://www.spar.at/produktwelt/philadelphia-balance-natur-p6930929",
            "storeName": "SPAR"
        },
        {
            "productHash": "20ca05c48881d5374530039a03d109a125afcd7a",
            "productName": "Haribo Kinder-Party",
            "currentPrice": "€2,99",
            "originalPrice": "€3,89",
            "discount": "23% OFF",
            "unitMeasure": "250 G",
            "category": "FOOD",
            "productUrl": "https://www.spar.at/produktwelt/haribo-kinder-party-p2020003514449",
            "storeName": "SPAR"
        },
        {
            "productHash": "6e120035337aaa4f667727ebeb74edd1f9d2844c",
            "productName": "Elephant Squeezed Pretzels Meersalz",
            "currentPrice": "€1,79",
            "originalPrice": "€2,19",
            "discount": "18% OFF",
            "unitMeasure": "180 G",
            "category": "FOOD",
            "productUrl": "https://www.spar.at/produktwelt/alka-elephant-squeezed-pretzels-meersalz-p2020002784744",
            "storeName": "SPAR"
        },
        {
            "productHash": "69a2dbf480da1da1f6b2a174abdff67d9234846a",
            "productName": "Mars Mixed Minis 20 Stück",
            "currentPrice": "€4,99",
            "originalPrice": "€5,99",
            "discount": "17% OFF",
            "unitMeasure": "400 G",
            "category": "FOOD",
            "productUrl": "https://www.spar.at/produktwelt/mars-mixed-minis-20-stueck-p2020000636014",
            "storeName": "SPAR"
        },
        {
            "productHash": "894135c5a9169186be826b5d4a1bb19d73b36f0e",
            "productName": "Starbucks White Chocolate Mocha 220ml",
            "currentPrice": "€1,09",
            "originalPrice": "€2,19",
            "discount": "50% OFF",
            "unitMeasure": "220 ML",
            "category": "FOOD",
            "productUrl": "https://www.spar.at/produktwelt/starbucks-white-chocolate-mocha-220ml-p2020001470334",
            "storeName": "SPAR"
        },
        {
            "productHash": "d1d135d22601675f394fb857357a21fed81f038c",
            "productName": "Eskimo Magnum Almond 4 Stück",
            "currentPrice": "€7,29",
            "originalPrice": "€N/A",
            "discount": "N/A",
            "unitMeasure": "400 ML",
            "category": "FOOD",
            "productUrl": "https://www.spar.at/produktwelt/eskimo-magnum-almond-4-stueck-p2020004929570",
            "storeName": "SPAR"
        },
        {
            "productHash": "16746ea4402eac7a448583a36f9fe8ddc56312a1",
            "productName": "Kelly's Linsenchips würzig mit Meersalz",
            "currentPrice": "€1,99",
            "originalPrice": "€2,39",
            "discount": "17% OFF",
            "unitMeasure": "90 G",
            "category": "FOOD",
            "productUrl": "https://www.spar.at/produktwelt/kelly-s-linsenchips-wuerzig-mit-meersalz-p2020002776596",
            "storeName": "SPAR"
        },
        {
            "productHash": "b41acde95deda411e3ecb2732554881a6653a8d0",
            "productName": "Schärdinger Vanilletraum",
            "currentPrice": "€0,97",
            "originalPrice": "€1,95",
            "discount": "50% OFF",
            "unitMeasure": "750 G",
            "category": "FOOD",
            "productUrl": "https://www.spar.at/produktwelt/schaerdinger-vanilletraum-p4234654",
            "storeName": "SPAR"
        },
        {
            "productHash": "f0ed845eaf9a21cf772c146a930132aab7fda75d",
            "productName": "NÖM Fru Fru Erdbeere",
            "currentPrice": "€0,47",
            "originalPrice": "€0,95",
            "discount": "51% OFF",
            "unitMeasure": "200 G",
            "category": "FOOD",
            "productUrl": "https://www.spar.at/produktwelt/noem-fru-fru-erdbeere-p5303861",
            "storeName": "SPAR"
        },
        {
            "productHash": "3e125e06fe09161caacb24c3e2f8ce72dfa4190b",
            "productName": "Efko Delikatess Gurken",
            "currentPrice": "€1,99",
            "originalPrice": "€2,99",
            "discount": "33% OFF",
            "unitMeasure": "670 G",
            "category": "FOOD",
            "productUrl": "https://www.spar.at/produktwelt/efko-delikatess-gurken-p7469398",
            "storeName": "SPAR"
        },
        {
            "productHash": "d81c00a425ad7c1b3fa4cb0edc4abd7a253f19df",
            "productName": "Tuc Cracker Sour Cream & Onion",
            "currentPrice": "€1,14",
            "originalPrice": "€2,29",
            "discount": "50% OFF",
            "unitMeasure": "100 G",
            "category": "FOOD",
            "productUrl": "https://www.spar.at/produktwelt/tuc-cracker-sour-cream-onion-p2020003608544",
            "storeName": "SPAR"
        },
        {
            "productHash": "ce310e320de1a9ce8b5a35c0eb6f007be86d78af",
            "productName": "Lays Bugles Original",
            "currentPrice": "€1,79",
            "originalPrice": "€2,49",
            "discount": "28% OFF",
            "unitMeasure": "75 G",
            "category": "FOOD",
            "productUrl": "https://www.spar.at/produktwelt/lays-bugles-original-p4952855",
            "storeName": "SPAR"
        },
        {
            "productHash": "cbb3804d31a50fa0d3d77d4911b71ac8ee243840",
            "productName": "Sorger SNIX Classic",
            "currentPrice": "€0,99",
            "originalPrice": "€1,99",
            "discount": "50% OFF",
            "unitMeasure": "80 G",
            "category": "FOOD",
            "productUrl": "https://www.spar.at/produktwelt/sorger-snix-classic-p2020003181979",
            "storeName": "SPAR"
        },
        {
            "productHash": "03d591a1b3eaede594a3b8b4b3ed6c540aec14b4",
            "productName": "Rama Cremefine zum Kochen 15% Fett 0,250",
            "currentPrice": "€0,96",
            "originalPrice": "€1,45",
            "discount": "34% OFF",
            "unitMeasure": "250 ML",
            "category": "FOOD",
            "productUrl": "https://www.spar.at/produktwelt/rama-cremefine-zum-kochen-15-fett-p2020000463948",
            "storeName": "SPAR"
        },
        {
            "productHash": "6b24c563f169ca1a8d5dbe8f49605347d392d106",
            "productName": "Wiesbauer Spezialitäten Aufschnitt",
            "currentPrice": "€3,99",
            "originalPrice": "€4,49",
            "discount": "11% OFF",
            "unitMeasure": "200 G",
            "category": "FOOD",
            "productUrl": "https://www.spar.at/produktwelt/wiesbauer-spezialitaeten-aufschnitt-p3896471",
            "storeName": "SPAR"
        },
        {
            "productHash": "823a9ce629f1d4b67a21ea2ff3a29c67687d404f",
            "productName": "Milka Alpenmilch Schokolade Dessert Au Chocolat",
            "currentPrice": "€1,79",
            "originalPrice": "€1,99",
            "discount": "10% OFF",
            "unitMeasure": "100 G",
            "category": "FOOD",
            "productUrl": "https://www.spar.at/produktwelt/milka-alpenmilch-schokolade-dessert-au-chocolat-p6265632",
            "storeName": "SPAR"
        },
        {
            "productHash": "3253e4045bc8281f2b9eaa790a205d209a002c68",
            "productName": "Lindt Lindor Schokolade Dunkel",
            "currentPrice": "€1,99",
            "originalPrice": "€3,99",
            "discount": "50% OFF",
            "unitMeasure": "100 G",
            "category": "FOOD",
            "productUrl": "https://www.spar.at/produktwelt/lindt-lindor-schokolade-dunkel-p967600",
            "storeName": "SPAR"
        },
        {
            "productHash": "253e4bedc5f0c8c84079d0cf38d77a97559ff644",
            "productName": "Südobst Bio Kichererbsen",
            "currentPrice": "€1,24",
            "originalPrice": "€2,49",
            "discount": "50% OFF",
            "unitMeasure": "400 G",
            "category": "FOOD",
            "productUrl": "https://www.spar.at/produktwelt/suedobst-bio-kichererbsen-p2020005564596",
            "storeName": "SPAR"
        },
        {
            "productHash": "0aca6ec00fb0397b07596dd8d86a6becd022d01d",
            "productName": "Knoppers Erdnussriegel 3er",
            "currentPrice": "€1,59",
            "originalPrice": "€1,79",
            "discount": "11% OFF",
            "unitMeasure": "120 G",
            "category": "FOOD",
            "productUrl": "https://www.spar.at/produktwelt/knoppers-erdnussriegel-3er-p2020003298530",
            "storeName": "SPAR"
        },
        {
            "productHash": "6e2826e43a4a030b0e4fbf6006e6d4753a7aa9f5",
            "productName": "Champignon Mix Bio Blumau 200g",
            "currentPrice": "€1,99",
            "originalPrice": "€2,99",
            "discount": "33% OFF",
            "unitMeasure": "200 G",
            "category": "FOOD",
            "productUrl": "https://www.spar.at/produktwelt/champignon-mix-bio-blumau-200g-bio-champignon-p2020004966872",
            "storeName": "SPAR"
        },
        {
            "productHash": "2914b10aca2af43f2398b639d3e30d91dd4a4d76",
            "productName": "Milka Alpenmilch Schokolade Haselnuss",
            "currentPrice": "€1,79",
            "originalPrice": "€1,99",
            "discount": "10% OFF",
            "unitMeasure": "90 G",
            "category": "FOOD",
            "productUrl": "https://www.spar.at/produktwelt/milka-alpenmilch-schokolade-haselnuss-p6265816",
            "storeName": "SPAR"
        },
        {
            "productHash": "51cb5e651cf51d67f7b4b9dda99fb635f65b8f0b",
            "productName": "Landhof Kalbsleber-Streichwurst mild & cremig 5 Stück á 25g",
            "currentPrice": "€1,79",
            "originalPrice": "€2,79",
            "discount": "36% OFF",
            "unitMeasure": "125 G",
            "category": "FOOD",
            "productUrl": "https://www.spar.at/produktwelt/landhof-kalbsleber-streichwurst-mild-cremig-5-stueck-a-25g-p644624",
            "storeName": "SPAR"
        },
        {
            "productHash": "f89c2630a32b5310348583faa4d8a43112f07a5e",
            "productName": "Manner Snack Minis Milch Haselnuss",
            "currentPrice": "€3,29",
            "originalPrice": "€3,69",
            "discount": "11% OFF",
            "unitMeasure": "225 G",
            "category": "FOOD",
            "productUrl": "https://www.spar.at/produktwelt/manner-snack-minis-milch-haselnuss-p2020002611460",
            "storeName": "SPAR"
        },
        {
            "productHash": "83bc8fa9a38b14deda38dd1b5faebba0bc6a49a3",
            "productName": "Rupp Enzian Enzian",
            "currentPrice": "€2,99",
            "originalPrice": "€3,59",
            "discount": "17% OFF",
            "unitMeasure": "200 G",
            "category": "FOOD",
            "productUrl": "https://www.spar.at/produktwelt/rupp-enzian-enzian-p7708954",
            "storeName": "SPAR"
        },
        {
            "productHash": "7ba71733504b35d03814096572753b9e304e4ed1",
            "productName": "SalzburgMilch Premium Bergbauern H-Milch 0,5%",
            "currentPrice": "€0,99",
            "originalPrice": "€1,59",
            "discount": "38% OFF",
            "unitMeasure": "1 L",
            "category": "FOOD",
            "productUrl": "https://www.spar.at/produktwelt/salzburgmilch-premium-bergbauern-h-milch-0-5-p2020000957447",
            "storeName": "SPAR"
        },
        {
            "productHash": "4d69b7ae9a421077731dc2b5fbc7a189ce7b2d0e",
            "productName": "Ölz Brioche Burger Brötle 4 Stück",
            "currentPrice": "€2,49",
            "originalPrice": "€2,99",
            "discount": "17% OFF",
            "unitMeasure": "200 G",
            "category": "FOOD",
            "productUrl": "https://www.spar.at/produktwelt/oelz-brioche-burger-broetle-4-stueck-p2020002578404",
            "storeName": "SPAR"
        },
        {
            "productHash": "955d2a7d5c3b4c3f6fceaa3b90413b76fc34c25e",
            "productName": "BEN’s ORIGINAL Express Reis Mediterran",
            "currentPrice": "€2,59",
            "originalPrice": "€N/A",
            "discount": "N/A",
            "unitMeasure": "220 G",
            "category": "FOOD",
            "productUrl": "https://www.spar.at/produktwelt/ben-s-original-express-reis-mediterran-p4155638",
            "storeName": "SPAR"
        },
        {
            "productHash": "76c0bdd2845b7c4ebb54c00d9cf48be8597627f0",
            "productName": "Iglo Fang-Frisch Pazifischer Polar-Dorsch 9 Stück",
            "currentPrice": "€7,99",
            "originalPrice": "€11,99",
            "discount": "33% OFF",
            "unitMeasure": "600 G",
            "category": "FOOD",
            "productUrl": "https://www.spar.at/produktwelt/iglo-fang-frisch-pazifischer-polar-dorsch-9-stueck-p6645564",
            "storeName": "SPAR"
        },
        {
            "productHash": "d23405e8c3e047e3c111ca38e861fc353dc7144e",
            "productName": "Philadelphia Balance Liptauer mild",
            "currentPrice": "€1,99",
            "originalPrice": "€2,49",
            "discount": "20% OFF",
            "unitMeasure": "175 G",
            "category": "FOOD",
            "productUrl": "https://www.spar.at/produktwelt/philadelphia-balance-liptauer-mild-p6931056",
            "storeName": "SPAR"
        },
        {
            "productHash": "b08b7b394fe11c2489ae4e122621382a4def74c7",
            "productName": "Eskimo Magnum Double Hazelnut 3",
            "currentPrice": "€7,29",
            "originalPrice": "€N/A",
            "discount": "N/A",
            "unitMeasure": "255 ML",
            "category": "FOOD",
            "productUrl": "https://www.spar.at/produktwelt/eskimo-magnum-double-hazelnut-3-p2020005622548",
            "storeName": "SPAR"
        },
        {
            "productHash": "2d0a0c5558d8e8ffeb2ddf6b0a9d48117a6df14f",
            "productName": "Milka Tender Tender Nuss",
            "currentPrice": "€1,64",
            "originalPrice": "€3,29",
            "discount": "50% OFF",
            "unitMeasure": "148 G",
            "category": "FOOD",
            "productUrl": "https://www.spar.at/produktwelt/milka-tender-tender-nuss-p2020001807758",
            "storeName": "SPAR"
        },
        {
            "productHash": "3392dacce4ed75f65ebd3b01d7ae2ddb99032f38",
            "productName": "Knabber Nossi Pausenwrap",
            "currentPrice": "€4,49",
            "originalPrice": "€5,49",
            "discount": "18% OFF",
            "unitMeasure": "105 G",
            "category": "FOOD",
            "productUrl": "https://www.spar.at/produktwelt/knabber-nossi-pausenwrap-p2020003636974",
            "storeName": "SPAR"
        },
        {
            "productHash": "4814b82f77ae78844488b279dddba7248d8dc15f",
            "productName": "Milka Kuchen Choco Trio",
            "currentPrice": "€1,64",
            "originalPrice": "€3,29",
            "discount": "50% OFF",
            "unitMeasure": "150 G",
            "category": "FOOD",
            "productUrl": "https://www.spar.at/produktwelt/milka-kuchen-choco-trio-p4545743",
            "storeName": "SPAR"
        },
        {
            "productHash": "d6411a3576cf14e422e94eab1d8303b2dec40e49",
            "productName": "Funny Frisch Ofen Jumpy's Meersalz",
            "currentPrice": "€1,79",
            "originalPrice": "€2,49",
            "discount": "28% OFF",
            "unitMeasure": "70 G",
            "category": "FOOD",
            "productUrl": "https://www.spar.at/produktwelt/kelly-s-ofen-jumpy-s-meersalz-p2020003117534",
            "storeName": "SPAR"
        },
        {
            "productHash": "65061482b12f3b4252200b8cf9aaaf761cde2a6c",
            "productName": "Manner Schnitten Schoko Brownie",
            "currentPrice": "€3,29",
            "originalPrice": "€3,69",
            "discount": "11% OFF",
            "unitMeasure": "300 G",
            "category": "FOOD",
            "productUrl": "https://www.spar.at/produktwelt/manner-schnitten-schoko-brownie-p2020003947872",
            "storeName": "SPAR"
        },
        {
            "productHash": "88de7979a1c94ad4818eec32aa4722ea3ffd1874",
            "productName": "Anker Kornfitwecken Weizenmischbrot, geschnitten",
            "currentPrice": "€2,39",
            "originalPrice": "€2,89",
            "discount": "17% OFF",
            "unitMeasure": "500 G",
            "category": "FOOD",
            "productUrl": "https://www.spar.at/produktwelt/anker-kornfitwecken-weizenmischbrot-geschnitten-p3764442",
            "storeName": "SPAR"
        },
        {
            "productHash": "378b9a2d1d82357f93ce3ca2efb9ddf3d3c2dc0f",
            "productName": "Knoppers Nussriegel 3er",
            "currentPrice": "€1,59",
            "originalPrice": "€1,79",
            "discount": "11% OFF",
            "unitMeasure": "120 G",
            "category": "FOOD",
            "productUrl": "https://www.spar.at/produktwelt/knoppers-nussriegel-3er-p2020001923830",
            "storeName": "SPAR"
        },
        {
            "productHash": "ea259225bc443846f37d0353f9d4accce06a02f9",
            "productName": "Kelly's POM-BÄR Original",
            "currentPrice": "€1,14",
            "originalPrice": "€2,29",
            "discount": "50% OFF",
            "unitMeasure": "65 G",
            "category": "FOOD",
            "productUrl": "https://www.spar.at/produktwelt/kelly-s-pom-baer-original-p2328881",
            "storeName": "SPAR"
        },
        {
            "productHash": "b5a02409dc7c973a5c3878c9b7b29e1f668a6e7c",
            "productName": "Milka Tender Tender Milch",
            "currentPrice": "€1,64",
            "originalPrice": "€3,29",
            "discount": "50% OFF",
            "unitMeasure": "148 G",
            "category": "FOOD",
            "productUrl": "https://www.spar.at/produktwelt/milka-tender-tender-milch-p2020001807604",
            "storeName": "SPAR"
        },
        {
            "productHash": "e0d4334b6aa7fb90c020f77c9e04849ee88f49fe",
            "productName": "Kelly's Mikrowellen Popcorn Salted 3 x 90g",
            "currentPrice": "€2,49",
            "originalPrice": "€4,99",
            "discount": "50% OFF",
            "unitMeasure": "270 G",
            "category": "FOOD",
            "productUrl": "https://www.spar.at/produktwelt/kelly-s-mikrowellen-popcorn-salted-3-x-90g-p7524875",
            "storeName": "SPAR"
        },
        {
            "productHash": "fe5489e0b02c9820d10ebd6f193cec78f75ed1c4",
            "productName": "Doritos Tortilla Chips Paprika",
            "currentPrice": "€1,99",
            "originalPrice": "€2,49",
            "discount": "20% OFF",
            "unitMeasure": "110 G",
            "category": "FOOD",
            "productUrl": "https://www.spar.at/produktwelt/doritos-tortilla-chips-paprika-p2020004187888",
            "storeName": "SPAR"
        },
        {
            "productHash": "fe8831ca1122da957ea216eda44eaa0b83ade3fa",
            "productName": "GM Pesendorfer Pecannüsse würzige Premiumkerne Salz",
            "currentPrice": "€5,99",
            "originalPrice": "€6,99",
            "discount": "14% OFF",
            "unitMeasure": "200 G",
            "category": "FOOD",
            "productUrl": "https://www.spar.at/produktwelt/gm-pesendorfer-pecannuesse-die-groessten-p2020002668327",
            "storeName": "SPAR"
        },
        {
            "productHash": "e50f7f655f7a25fb27215ed5cdd4f24ffec075c7",
            "productName": "GM Pesendorfer Intelligenz Mischung",
            "currentPrice": "€4,99",
            "originalPrice": "€5,99",
            "discount": "17% OFF",
            "unitMeasure": "300 G",
            "category": "FOOD",
            "productUrl": "https://www.spar.at/produktwelt/gm-pesendorfer-intelligenz-mischung-p2020002668228",
            "storeName": "SPAR"
        },
        {
            "productHash": "78ab528b935082a4a40c19c36b400c1e00764c41",
            "productName": "Kelly's POM-BÄR Paprika Style",
            "currentPrice": "€1,14",
            "originalPrice": "€2,29",
            "discount": "50% OFF",
            "unitMeasure": "65 G",
            "category": "FOOD",
            "productUrl": "https://www.spar.at/produktwelt/kelly-s-pom-baer-paprika-style-p8208255",
            "storeName": "SPAR"
        },
        {
            "productHash": "58ff7394c357d9bfd0b26119a4c4f05b0bc77f04",
            "productName": "GM Pesendorfer Edelnuss Selection",
            "currentPrice": "€5,99",
            "originalPrice": "€6,49",
            "discount": "8% OFF",
            "unitMeasure": "250 G",
            "category": "FOOD",
            "productUrl": "https://www.spar.at/produktwelt/gm-pesendorfer-edelnuss-selection-p2020002668211",
            "storeName": "SPAR"
        },
        {
            "productHash": "52fde9cc0b60bfa9a89c11daf3c08fac12559821",
            "productName": "BEN’s ORIGINAL Express Reis Basmati-Reis",
            "currentPrice": "€2,59",
            "originalPrice": "€N/A",
            "discount": "N/A",
            "unitMeasure": "220 G",
            "category": "FOOD",
            "productUrl": "https://www.spar.at/produktwelt/ben-s-original-express-reis-basmati-reis-p4155621",
            "storeName": "SPAR"
        },
        {
            "productHash": "3a9257564ab5adc258fad34caa9e4f073e7c03fd",
            "productName": "Tuc Cracker Paprika",
            "currentPrice": "€1,14",
            "originalPrice": "€2,29",
            "discount": "50% OFF",
            "unitMeasure": "100 G",
            "category": "FOOD",
            "productUrl": "https://www.spar.at/produktwelt/tuc-cracker-paprika-p2448541",
            "storeName": "SPAR"
        },
        {
            "productHash": "670e49586ccbdbedc7f561feef49f5a42bd9561b",
            "productName": "Kelly's Snips-Party",
            "currentPrice": "€1,99",
            "originalPrice": "€3,99",
            "discount": "50% OFF",
            "unitMeasure": "250 G",
            "category": "FOOD",
            "productUrl": "https://www.spar.at/produktwelt/kelly-s-snips-party-p5270989",
            "storeName": "SPAR"
        },
        {
            "productHash": "fa700244ff706714e350b104ab55b016b8ca6ba1",
            "productName": "Knorr Meister Kessel Südtiroler Bauernsuppe 2 Portionen",
            "currentPrice": "€2,79",
            "originalPrice": "€3,99",
            "discount": "30% OFF",
            "unitMeasure": "500 G",
            "category": "FOOD",
            "productUrl": "https://www.spar.at/produktwelt/knorr-meister-kessel-suedtiroler-bauernsuppe-2-portionen-p229906",
            "storeName": "SPAR"
        },
        {
            "productHash": "c7d5a74f4a99da89cf5e702e882a1a2ff52e1420",
            "productName": "Philadelphia Schnittlauch",
            "currentPrice": "€1,99",
            "originalPrice": "€2,49",
            "discount": "20% OFF",
            "unitMeasure": "175 G",
            "category": "FOOD",
            "productUrl": "https://www.spar.at/produktwelt/philadelphia-schnittlauch-p6931131",
            "storeName": "SPAR"
        },
        {
            "productHash": "29f884f289acd12eb4eeae5eb89045ca1920a1d2",
            "productName": "Stark Smoki Erdnussflips",
            "currentPrice": "€0,99",
            "originalPrice": "€1,49",
            "discount": "34% OFF",
            "unitMeasure": "150 G",
            "category": "FOOD",
            "productUrl": "https://www.spar.at/produktwelt/stark-smoki-erdnussflips-p2020000539711",
            "storeName": "SPAR"
        },
        {
            "productHash": "701ebffa761d2da6f897b1fd8cbb86b3a6ed3af3",
            "productName": "Red Band Tutti Frutti Fruchtgummi 4 x 15g",
            "currentPrice": "€1,29",
            "originalPrice": "€N/A",
            "discount": "N/A",
            "unitMeasure": "60 G",
            "category": "FOOD",
            "productUrl": "https://www.spar.at/produktwelt/red-band-tutti-frutti-fruchtgummi-4-x-15g-p2020003454912",
            "storeName": "SPAR"
        },
        {
            "productHash": "4f3622952636bc7e3efe17ff0a422ee0bb66be87",
            "productName": "Snickers Creamy Peanut Butter",
            "currentPrice": "€1,99",
            "originalPrice": "€2,99",
            "discount": "33% OFF",
            "unitMeasure": "146 G",
            "category": "FOOD",
            "productUrl": "https://www.spar.at/produktwelt/snickers-creamy-peanut-butter-p2020003753916",
            "storeName": "SPAR"
        },
        {
            "productHash": "6ddca2fa9c22a9de5e1171dd8455a5bb31a4f6c2",
            "productName": "Südobst Bio Rote Bohnen",
            "currentPrice": "€1,24",
            "originalPrice": "€2,49",
            "discount": "50% OFF",
            "unitMeasure": "400 G",
            "category": "FOOD",
            "productUrl": "https://www.spar.at/produktwelt/suedobst-bio-rote-bohnen-p2020005564619",
            "storeName": "SPAR"
        },
        {
            "productHash": "59ebc67a1fd43dea678590b91084d442c63e24c3",
            "productName": "Knorr Goldaugen Rindsuppe 12 Würfel",
            "currentPrice": "€1,32",
            "originalPrice": "€1,99",
            "discount": "34% OFF",
            "unitMeasure": "132 G",
            "category": "FOOD",
            "productUrl": "https://www.spar.at/produktwelt/knorr-goldaugen-rindsuppe-12-wuerfel-p2020004846075",
            "storeName": "SPAR"
        },
        {
            "productHash": "7e98e0baf0c0d4878e3ea09af41f531adb14890e",
            "productName": "NÖM Fru Fru Heidelbeere",
            "currentPrice": "€0,47",
            "originalPrice": "€0,95",
            "discount": "51% OFF",
            "unitMeasure": "200 G",
            "category": "FOOD",
            "productUrl": "https://www.spar.at/produktwelt/noem-fru-fru-heidelbeere-p5303878",
            "storeName": "SPAR"
        },
        {
            "productHash": "ec5bb22c3df2a4802f0003a75f8ef68e2101cda1",
            "productName": "Woerle Emmentaler Der Milde",
            "currentPrice": "€16,90",
            "originalPrice": "€24,50",
            "discount": "31% OFF",
            "unitMeasure": "1 KG",
            "category": "FOOD",
            "productUrl": "https://www.spar.at/produktwelt/woerle-emmentaler-der-milde-p7716423",
            "storeName": "SPAR"
        },
        {
            "productHash": "de01452935e669693a52cae28dac1181a6a28e5b",
            "productName": "Eskimo Magnum Mini Double Gold Caramel Billionaire 6 Stück",
            "currentPrice": "€7,29",
            "originalPrice": "€N/A",
            "discount": "N/A",
            "unitMeasure": "330 ML",
            "category": "FOOD",
            "productUrl": "https://www.spar.at/produktwelt/eskimo-magnum-mini-double-gold-caramel-billionaire-6-stueck-p2020004346827",
            "storeName": "SPAR"
        },
        {
            "productHash": "cdf1d22a131db9078df4e7ee8a5495cbf7d434e6",
            "productName": "Wojnar's Litpauer mild",
            "currentPrice": "€1,69",
            "originalPrice": "€1,99",
            "discount": "15% OFF",
            "unitMeasure": "150 G",
            "category": "FOOD",
            "productUrl": "https://www.spar.at/produktwelt/wojnar-litpauer-mild-p2020005732667",
            "storeName": "SPAR"
        },
        {
            "productHash": "f3643d94dd3fb1b7c03872bdf791dbaac1bf07b2",
            "productName": "Milka Alpenmilch Schokolade Caramel",
            "currentPrice": "€1,79",
            "originalPrice": "€1,99",
            "discount": "10% OFF",
            "unitMeasure": "100 G",
            "category": "FOOD",
            "productUrl": "https://www.spar.at/produktwelt/milka-alpenmilch-schokolade-caramel-p6723798",
            "storeName": "SPAR"
        },
        {
            "productHash": "d2b8562027d7e930875ed958c01251090c1be281",
            "productName": "Milka Alpenmilch Schokolade Oreo White",
            "currentPrice": "€1,79",
            "originalPrice": "€1,99",
            "discount": "10% OFF",
            "unitMeasure": "100 G",
            "category": "FOOD",
            "productUrl": "https://www.spar.at/produktwelt/milka-tafelschokolade-oreo-white-p2020003439537",
            "storeName": "SPAR"
        },
        {
            "productHash": "8b5fb75b14bc15c1876bc307b166a7d14e34ffec",
            "productName": "Rama Kochcreme 100% Pflanzlich",
            "currentPrice": "€0,96",
            "originalPrice": "€1,45",
            "discount": "34% OFF",
            "unitMeasure": "200 ML",
            "category": "FOOD",
            "productUrl": "https://www.spar.at/produktwelt/rama-kochcreme-100-pflanzlich-p2020003577383",
            "storeName": "SPAR"
        },
        {
            "productHash": "2eca0e6aee842f31bdbd02cff70759fae7349c9c",
            "productName": "Reiter Mettwurst fein",
            "currentPrice": "€1,99",
            "originalPrice": "€2,89",
            "discount": "31% OFF",
            "unitMeasure": "125 G",
            "category": "FOOD",
            "productUrl": "https://www.spar.at/produktwelt/reiter-mettwurst-fein-p52573",
            "storeName": "SPAR"
        },
        {
            "productHash": "36bf67b3c5ccac1a2ceecbfac11dec796c772258",
            "productName": "NÖM Fru Fru Fru Fru Mango",
            "currentPrice": "€0,47",
            "originalPrice": "€0,95",
            "discount": "51% OFF",
            "unitMeasure": "200 G",
            "category": "FOOD",
            "productUrl": "https://www.spar.at/produktwelt/noem-fru-fru-fru-fru-mango-p5726844",
            "storeName": "SPAR"
        },
        {
            "productHash": "fb5383f2b8938c19b19150ac83511586d73e1775",
            "productName": "Maresi Leicht",
            "currentPrice": "€1,76",
            "originalPrice": "€2,65",
            "discount": "34% OFF",
            "unitMeasure": "500 G",
            "category": "FOOD",
            "productUrl": "https://www.spar.at/produktwelt/maresi-leicht-p743495",
            "storeName": "SPAR"
        },
        {
            "productHash": "bb0618177fd51a5f86d534c902422613f40da064",
            "productName": "GM Pesendorfer Zimt Mandel Schokolade",
            "currentPrice": "€5,99",
            "originalPrice": "€6,49",
            "discount": "8% OFF",
            "unitMeasure": "200 G",
            "category": "FOOD",
            "productUrl": "https://www.spar.at/produktwelt/gm-pesendorfer-zimt-mandel-schokolade-p2020002683368",
            "storeName": "SPAR"
        },
        {
            "productHash": "f674e4640b36cd60d55c352a3175dde665b7722b",
            "productName": "Eskimo Magnum Double Gold Caramel Billionaire",
            "currentPrice": "€7,29",
            "originalPrice": "€N/A",
            "discount": "N/A",
            "unitMeasure": "360 ML",
            "category": "FOOD",
            "productUrl": "https://www.spar.at/produktwelt/eskimo-magnum-double-gold-caramel-billionaire-p2020003704550",
            "storeName": "SPAR"
        },
        {
            "productHash": "c3451158710654abf4a696f8cd1c4989c3cbc1af",
            "productName": "Knorr Meister Kessel Debreziner Würstelsuppe 2 Portionen",
            "currentPrice": "€2,79",
            "originalPrice": "€3,99",
            "discount": "30% OFF",
            "unitMeasure": "500 G",
            "category": "FOOD",
            "productUrl": "https://www.spar.at/produktwelt/knorr-meister-kessel-debreziner-wuerstelsuppe-2-portionen-p309769",
            "storeName": "SPAR"
        },
        {
            "productHash": "0860fe71fcf6c375d13665533012b6b61fffd028",
            "productName": "Bertagni Sugo Amatriciana",
            "currentPrice": "€1,49",
            "originalPrice": "€2,99",
            "discount": "50% OFF",
            "unitMeasure": "285 G",
            "category": "FOOD",
            "productUrl": "https://www.spar.at/produktwelt/bertagni-sugo-amatriciana-p2020005932500",
            "storeName": "SPAR"
        },
        {
            "productHash": "2fdc5c02ea32bc9b20f1d8a98e1efbd3ecda4a3b",
            "productName": "Ferrero Rocher Haselnuss",
            "currentPrice": "€1,99",
            "originalPrice": "€2,29",
            "discount": "13% OFF",
            "unitMeasure": "90 G",
            "category": "FOOD",
            "productUrl": "https://www.spar.at/produktwelt/ferrero-rocher-haselnuss-p2020003966408",
            "storeName": "SPAR"
        },
        {
            "productHash": "5d0b086c89f91c9b011a879d0800cf4a2f39f827",
            "productName": "Lorenz Nic Nac's",
            "currentPrice": "€9,99",
            "originalPrice": "€11,99",
            "discount": "17% OFF",
            "unitMeasure": "800 G",
            "category": "FOOD",
            "productUrl": "https://www.spar.at/produktwelt/lorenz-nic-nac-s-p7528491",
            "storeName": "SPAR"
        },
        {
            "productHash": "f0912c75a637caa3161b560f186edcff3639f6f5",
            "productName": "Rama mit Butternote 100% natürliche Zutaten",
            "currentPrice": "€1,89",
            "originalPrice": "€2,89",
            "discount": "35% OFF",
            "unitMeasure": "400 G",
            "category": "FOOD",
            "productUrl": "https://www.spar.at/produktwelt/rama-mit-butternote-100-natuerliche-zutaten-p2020001808465",
            "storeName": "SPAR"
        },
        {
            "productHash": "3d64020d42252ceef0a543783af2d60d1c730b5e",
            "productName": "Maresi Das Original",
            "currentPrice": "€1,76",
            "originalPrice": "€2,65",
            "discount": "34% OFF",
            "unitMeasure": "500 G",
            "category": "FOOD",
            "productUrl": "https://www.spar.at/produktwelt/maresi-das-original-p105354",
            "storeName": "SPAR"
        },
        {
            "productHash": "51e540782d9922c01cd1e4d794f4e6fdd9fd0a80",
            "productName": "Schärdinger cremiger Marillen Traum mit Pfirsich",
            "currentPrice": "€0,69",
            "originalPrice": "€1,39",
            "discount": "50% OFF",
            "unitMeasure": "400 G",
            "category": "FOOD",
            "productUrl": "https://www.spar.at/produktwelt/schaerdinger-cremiger-marillen-traum-mit-pfirsich-p3598160",
            "storeName": "SPAR"
        },
        {
            "productHash": "f8f06ce0eb9b59e69aa474b4e42fd8c427d4d2b2",
            "productName": "Iglo Mehlspeistraum Riesen-Germknödel 3 Stück",
            "currentPrice": "€3,32",
            "originalPrice": "€4,99",
            "discount": "33% OFF",
            "unitMeasure": "500 G",
            "category": "FOOD",
            "productUrl": "https://www.spar.at/produktwelt/iglo-mehlspeistraum-riesen-germknoedel-3-stueck-p2020000674139",
            "storeName": "SPAR"
        },
        {
            "productHash": "71296b783ba2530fb1388f7f2e0c3798bfd866c4",
            "productName": "Schärdinger cremiger Erdbeer Traum",
            "currentPrice": "€0,69",
            "originalPrice": "€1,39",
            "discount": "50% OFF",
            "unitMeasure": "400 G",
            "category": "FOOD",
            "productUrl": "https://www.spar.at/produktwelt/schaerdinger-cremiger-erdbeer-traum-p3598146",
            "storeName": "SPAR"
        },
        {
            "productHash": "53ba5f058d140821a61ddfae9153f5d8e5710277",
            "productName": "Zott Monte White 4x100g",
            "currentPrice": "€1,34",
            "originalPrice": "€2,69",
            "discount": "50% OFF",
            "unitMeasure": "400 G",
            "category": "FOOD",
            "productUrl": "https://www.spar.at/produktwelt/zott-monte-white-4x100g-p2020001301478",
            "storeName": "SPAR"
        },
        {
            "productHash": "850c969cd7889051954b58141d1edc228e53e534",
            "productName": "Milka Alpenmilch Schokolade Kuhflecken",
            "currentPrice": "€1,79",
            "originalPrice": "€1,99",
            "discount": "10% OFF",
            "unitMeasure": "90 G",
            "category": "FOOD",
            "productUrl": "https://www.spar.at/produktwelt/milka-alpenmilch-schokolade-kuhflecken-p6265700",
            "storeName": "SPAR"
        },
        {
            "productHash": "1b65fe102c87804a8bfa7a26dbe38c01e6e782bb",
            "productName": "Zott Monte Maxi Schoko",
            "currentPrice": "€1,34",
            "originalPrice": "€2,69",
            "discount": "50% OFF",
            "unitMeasure": "400 G",
            "category": "FOOD",
            "productUrl": "https://www.spar.at/produktwelt/zott-monte-maxi-schoko-p6473006",
            "storeName": "SPAR"
        },
        {
            "productHash": "d5ebb78d31fbb098ada09c3682bdc01726a029c0",
            "productName": "Loidl Edel Salami Sticks",
            "currentPrice": "€1,52",
            "originalPrice": "€2,29",
            "discount": "34% OFF",
            "unitMeasure": "80 G",
            "category": "FOOD",
            "productUrl": "https://www.spar.at/produktwelt/loidl-edel-salami-sticks-p2020004112750",
            "storeName": "SPAR"
        },
        {
            "productHash": "9fc19866a63f8bfc17fdf8f9678b1be62616bae0",
            "productName": "Wiesenberger Haussalami",
            "currentPrice": "€23,90",
            "originalPrice": "€28,50",
            "discount": "16% OFF",
            "unitMeasure": "1 KG",
            "category": "FOOD",
            "productUrl": "https://www.spar.at/produktwelt/wiesenberger-haussalami-p7769566",
            "storeName": "SPAR"
        },
        {
            "productHash": "014b2e7f3311e6728b126fb7eda54a487181e5fb",
            "productName": "Milka Alpenmilch Schokolade Weiß",
            "currentPrice": "€1,79",
            "originalPrice": "€1,99",
            "discount": "10% OFF",
            "unitMeasure": "90 G",
            "category": "FOOD",
            "productUrl": "https://www.spar.at/produktwelt/milka-alpenmilch-schokolade-weiss-p6265809",
            "storeName": "SPAR"
        },
        {
            "productHash": "db00c141f62595605312a5a91d368bb2361db318",
            "productName": "Rama Cremefine zum Kochen 7% Fett 0,250",
            "currentPrice": "€0,96",
            "originalPrice": "€1,45",
            "discount": "34% OFF",
            "unitMeasure": "250 ML",
            "category": "FOOD",
            "productUrl": "https://www.spar.at/produktwelt/rama-cremefine-zum-kochen-7-fett-p7798078",
            "storeName": "SPAR"
        },
        {
            "productHash": "016a1ab0f830ec8ac1464c93852b3bb816dfe4ef",
            "productName": "GM Pesendorfer Wasabi Erdnüsse Wasabi",
            "currentPrice": "€4,99",
            "originalPrice": "€5,79",
            "discount": "14% OFF",
            "unitMeasure": "200 G",
            "category": "FOOD",
            "productUrl": "https://www.spar.at/produktwelt/gm-pesendorfer-wasabi-erdnuesse-gruen-p2020002683375",
            "storeName": "SPAR"
        },
        {
            "productHash": "bbf893c6919524811293d3580f3db1d714f450ac",
            "productName": "Eskimo Magnum Double Cherry 3",
            "currentPrice": "€7,29",
            "originalPrice": "€N/A",
            "discount": "N/A",
            "unitMeasure": "255 ML",
            "category": "FOOD",
            "productUrl": "https://www.spar.at/produktwelt/eskimo-magnum-double-cherry-3-p2020005622586",
            "storeName": "SPAR"
        },
        {
            "productHash": "c3eb855a8478aafcf3492eb38847cf85ee3fc494",
            "productName": "La Montanara Prosciutto Crudo",
            "currentPrice": "€19,90",
            "originalPrice": "€29,90",
            "discount": "33% OFF",
            "unitMeasure": "1 KG",
            "category": "FOOD",
            "productUrl": "https://www.spar.at/produktwelt/la-montanara-prosciutto-crudo-p2020005841673",
            "storeName": "SPAR"
        },
        {
            "productHash": "d150e8c9f1ec4a070dc5e8d08731594a441811ae",
            "productName": "Kelly's RifRaf Jalapeno Cheese",
            "currentPrice": "€1,79",
            "originalPrice": "€2,49",
            "discount": "28% OFF",
            "unitMeasure": "80 G",
            "category": "FOOD",
            "productUrl": "https://www.spar.at/produktwelt/kelly-s-rifraf-jalapeno-cheese-p2020005974579",
            "storeName": "SPAR"
        },
        {
            "productHash": "42be0fbb8eb5f87a5b9d90577083c53da442d114",
            "productName": "Milka Alpenmilch Schokolade Luflee",
            "currentPrice": "€1,79",
            "originalPrice": "€1,99",
            "discount": "10% OFF",
            "unitMeasure": "90 G",
            "category": "FOOD",
            "productUrl": "https://www.spar.at/produktwelt/milka-alpenmilch-schokolade-luflee-p2020004048295",
            "storeName": "SPAR"
        },
        {
            "productHash": "6b4b20cd97b7565c3b648f38b717f44e1fe858e4",
            "productName": "Nestlé Kit Kat Classic 4er",
            "currentPrice": "€2,69",
            "originalPrice": "€2,99",
            "discount": "10% OFF",
            "unitMeasure": "166 G",
            "category": "FOOD",
            "productUrl": "https://www.spar.at/produktwelt/nestle-kit-kat-classic-4er-p2020003738487",
            "storeName": "SPAR"
        },
        {
            "productHash": "f66fa757e126538316dd211e1fc006cd0920928d",
            "productName": "Knorr Klare Suppe 12 Würfel",
            "currentPrice": "€1,32",
            "originalPrice": "€1,99",
            "discount": "34% OFF",
            "unitMeasure": "138 G",
            "category": "FOOD",
            "productUrl": "https://www.spar.at/produktwelt/knorr-klare-suppe-12-wuerfel-p2020004846099",
            "storeName": "SPAR"
        },
        {
            "productHash": "d9de7f0b009903d297cf4de70e9ac7ccbf81eb77",
            "productName": "Schärdinger cremiger Vanille Traum",
            "currentPrice": "€0,69",
            "originalPrice": "€1,39",
            "discount": "50% OFF",
            "unitMeasure": "400 G",
            "category": "FOOD",
            "productUrl": "https://www.spar.at/produktwelt/schaerdinger-cremiger-vanille-traum-p3598153",
            "storeName": "SPAR"
        },
        {
            "productHash": "c011e41a0cf9af5c3de5e8cc490eb286368ac50e",
            "productName": "Kelly's Chips Salt & Vinegar",
            "currentPrice": "€1,99",
            "originalPrice": "€2,99",
            "discount": "33% OFF",
            "unitMeasure": "150 G",
            "category": "FOOD",
            "productUrl": "https://www.spar.at/produktwelt/kelly-s-chips-salt-vinegar-p2374239",
            "storeName": "SPAR"
        },
        {
            "productHash": "648d89cb129d0f3522ebacc47969a9be1bda9d7c",
            "productName": "Nestlé KitKat White 4er",
            "currentPrice": "€2,69",
            "originalPrice": "€2,99",
            "discount": "10% OFF",
            "unitMeasure": "166 G",
            "category": "FOOD",
            "productUrl": "https://www.spar.at/produktwelt/nestle-kitkat-white-4er-p2020005751309",
            "storeName": "SPAR"
        },
        {
            "productHash": "618dc49eb8df2a9e56bacc54c80ac0290b36c24d",
            "productName": "Kelly's Chips Cheese & Onion",
            "currentPrice": "€1,99",
            "originalPrice": "€2,99",
            "discount": "33% OFF",
            "unitMeasure": "150 G",
            "category": "FOOD",
            "productUrl": "https://www.spar.at/produktwelt/kelly-s-chips-cheese-onion-p8197467",
            "storeName": "SPAR"
        },
        {
            "productHash": "5f2db9eebedeed22c121d9e6ebbafbe04f43a4c9",
            "productName": "Milka Küchlein Choco Brownie",
            "currentPrice": "€1,64",
            "originalPrice": "€3,29",
            "discount": "50% OFF",
            "unitMeasure": "150 G",
            "category": "FOOD",
            "productUrl": "https://www.spar.at/produktwelt/milka-kuechlein-choco-brownie-p2020001575589",
            "storeName": "SPAR"
        },
        {
            "productHash": "36f05fd89ee0df49fda906598e0b0c2db18bbeca",
            "productName": "SPAR Natur*pur Bio-Granatapfelsaft direkt gepresst",
            "currentPrice": "€5,99",
            "originalPrice": "€6,99",
            "discount": "14% OFF",
            "unitMeasure": "0,75 L",
            "category": "DRINKS",
            "productUrl": "https://www.spar.at/produktwelt/spar-natur-pur-bio-granatapfelsaft-p2020004364401",
            "storeName": "SPAR"
        },
        {
            "productHash": "18cef155a2aae27c3edf84f0326ccf718ce1b9c9",
            "productName": "SPAR Kräuter Limo",
            "currentPrice": "€0,79",
            "originalPrice": "€1,19",
            "discount": "34% OFF",
            "unitMeasure": "1,5 L",
            "category": "DRINKS",
            "productUrl": "https://www.spar.at/produktwelt/spar-kraeuter-limo-p2020005351196",
            "storeName": "SPAR"
        },
        {
            "productHash": "cb8202bd121d8b30482a9e891eaf4f9a2133bba4",
            "productName": "SPAR Natur*pur Bio-Rooibos-Tee 20 Teebeutel",
            "currentPrice": "€2,49",
            "originalPrice": "€2,99",
            "discount": "17% OFF",
            "unitMeasure": "N/A",
            "category": "DRINKS",
            "productUrl": "https://www.spar.at/produktwelt/spar-natur-pur-bio-rooibos-tee-20-teebeutel-p1567939",
            "storeName": "SPAR"
        },
        {
            "productHash": "40ea19d934a99d2c9c28871260a0d975090cf39d",
            "productName": "SPAR Natur*pur Bio-Tee Orange-Ingwer 20 Teebeutel",
            "currentPrice": "€2,49",
            "originalPrice": "€2,99",
            "discount": "17% OFF",
            "unitMeasure": "N/A",
            "category": "DRINKS",
            "productUrl": "https://www.spar.at/produktwelt/spar-natur-pur-bio-tee-orange-ingwer-20-teebeutel-p2020001975372",
            "storeName": "SPAR"
        },
        {
            "productHash": "59dc20154f3086803fa29c1d9f6dabcb9decc291",
            "productName": "SPAR Natur*pur Grüner Bio-Tee Sencha 20 Teebeutel",
            "currentPrice": "€2,49",
            "originalPrice": "€2,99",
            "discount": "17% OFF",
            "unitMeasure": "N/A",
            "category": "DRINKS",
            "productUrl": "https://www.spar.at/produktwelt/spar-natur-pur-bio-gruener-tee-sencha-20-teebeutel-p6686123",
            "storeName": "SPAR"
        },
        {
            "productHash": "9384ad2ac2ff907189a74c595372d7aef7bfea08",
            "productName": "SPAR Natur*pur Grüner Veltliner Bio-Wein",
            "currentPrice": "€4,99",
            "originalPrice": "€6,49",
            "discount": "23% OFF",
            "unitMeasure": "0,75 L",
            "category": "DRINKS",
            "productUrl": "https://www.spar.at/produktwelt/spar-natur-pur-gruener-veltliner-bio-wein-2023-p2020005246669",
            "storeName": "SPAR"
        },
        {
            "productHash": "ecad69e7667151e125fd7ab0089b5f1dab44afdf",
            "productName": "SPAR Natur*pur Bio-Caffee Crema mild",
            "currentPrice": "€16,99",
            "originalPrice": "€17,99",
            "discount": "6% OFF",
            "unitMeasure": "1 KG",
            "category": "DRINKS",
            "productUrl": "https://www.spar.at/produktwelt/spar-natur-pur-p2020005684249",
            "storeName": "SPAR"
        },
        {
            "productHash": "481b663eb5fb8a0a4ddb0ecd5b8315bc3c0da7cc",
            "productName": "SPAR Natur*pur Bio-Espresso ganze Bohne",
            "currentPrice": "€16,99",
            "originalPrice": "€17,99",
            "discount": "6% OFF",
            "unitMeasure": "1 KG",
            "category": "DRINKS",
            "productUrl": "https://www.spar.at/produktwelt/spar-natur-pur-bio-espresso-ganze-bohne-p6865542",
            "storeName": "SPAR"
        },
        {
            "productHash": "076819295cc9bb1264f5811a0e1cdf17c18f904a",
            "productName": "SPAR Cola Mix",
            "currentPrice": "€0,79",
            "originalPrice": "€1,19",
            "discount": "34% OFF",
            "unitMeasure": "1,5 L",
            "category": "DRINKS",
            "productUrl": "https://www.spar.at/produktwelt/spar-cola-mix-p2020005351189",
            "storeName": "SPAR"
        },
        {
            "productHash": "e71800075772f06c265d9de7637aedb3955ee8c8",
            "productName": "SPAR Natur*pur Bio-Caffè Crema ganze Bohne",
            "currentPrice": "€16,99",
            "originalPrice": "€17,99",
            "discount": "6% OFF",
            "unitMeasure": "1 KG",
            "category": "DRINKS",
            "productUrl": "https://www.spar.at/produktwelt/spar-natur-pur-bio-caffe-crema-ganze-bohne-p2020002197049",
            "storeName": "SPAR"
        },
        {
            "productHash": "1e12d83c446f6541ff79e362f601d06209f2c044",
            "productName": "SPAR Cola Zero Sugar",
            "currentPrice": "€0,79",
            "originalPrice": "€1,19",
            "discount": "34% OFF",
            "unitMeasure": "1,5 L",
            "category": "DRINKS",
            "productUrl": "https://www.spar.at/produktwelt/spar-qualitaetsmarke-cola-zero-sugar-p2020005379633",
            "storeName": "SPAR"
        },
        {
            "productHash": "92b7fdb5d7b3fdbbd63d08c9e5a59444d2ec7450",
            "productName": "SPAR Eistee Zitrone",
            "currentPrice": "€0,46",
            "originalPrice": "€0,69",
            "discount": "33% OFF",
            "unitMeasure": "0,5 L",
            "category": "DRINKS",
            "productUrl": "https://www.spar.at/produktwelt/spar-eistee-zitrone-p2020005350960",
            "storeName": "SPAR"
        },
        {
            "productHash": "bd3aa809617274787e839e5e0c21c0bd7155806b",
            "productName": "SPAR Natur*pur Welschriesling Bio-Wein",
            "currentPrice": "€4,99",
            "originalPrice": "€6,49",
            "discount": "23% OFF",
            "unitMeasure": "0,75 L",
            "category": "DRINKS",
            "productUrl": "https://www.spar.at/produktwelt/spar-natur-pur-welschriesling-bio-wein-2023-p2020005246645",
            "storeName": "SPAR"
        },
        {
            "productHash": "f5d197e0565e627aef0e3c7f19945f7c3343a995",
            "productName": "SPAR enjoy Soda Orange",
            "currentPrice": "€0,69",
            "originalPrice": "€0,85",
            "discount": "19% OFF",
            "unitMeasure": "0,75 L",
            "category": "DRINKS",
            "productUrl": "https://www.spar.at/produktwelt/spar-enjoy-soda-orange-p2020005352087",
            "storeName": "SPAR"
        },
        {
            "productHash": "1f298396da38d2931f1cd6bb4b6694a9f3e13deb",
            "productName": "SPAR Natur*pur Zweigelt Bio-Wein",
            "currentPrice": "€4,99",
            "originalPrice": "€6,49",
            "discount": "23% OFF",
            "unitMeasure": "0,75 L",
            "category": "DRINKS",
            "productUrl": "https://www.spar.at/produktwelt/spar-natur-pur-zweigelt-bio-wein-2022-p2020005249325",
            "storeName": "SPAR"
        },
        {
            "productHash": "e69b5673cab202a7ce1ef0bc30a3749aa8b02b44",
            "productName": "SPAR Orangen Limo",
            "currentPrice": "€0,79",
            "originalPrice": "€1,19",
            "discount": "34% OFF",
            "unitMeasure": "1,5 L",
            "category": "DRINKS",
            "productUrl": "https://www.spar.at/produktwelt/spar-orangen-limo-p2020005351059",
            "storeName": "SPAR"
        },
        {
            "productHash": "8cfc132841e114245f345053c35e7ab98ce49e53",
            "productName": "SPAR Ananas-Kokos",
            "currentPrice": "€1,49",
            "originalPrice": "€1,79",
            "discount": "17% OFF",
            "unitMeasure": "1 L",
            "category": "DRINKS",
            "productUrl": "https://www.spar.at/produktwelt/spar-qualitaetsmarke-ananas-kokos-p2020005753808",
            "storeName": "SPAR"
        },
        {
            "productHash": "c10f90af32b34b7dfa26402137a0da5b1cc2c76c",
            "productName": "SPAR Sunny Orange",
            "currentPrice": "€1,49",
            "originalPrice": "€1,79",
            "discount": "17% OFF",
            "unitMeasure": "1 L",
            "category": "DRINKS",
            "productUrl": "https://www.spar.at/produktwelt/spar-qualitaetsmarke-sunny-orange-p2020005610620",
            "storeName": "SPAR"
        },
        {
            "productHash": "446128d1c25d93b53c5e1f314cc26f039b4820ae",
            "productName": "SPAR Limo Zitrone",
            "currentPrice": "€0,79",
            "originalPrice": "€1,19",
            "discount": "34% OFF",
            "unitMeasure": "1,5 L",
            "category": "DRINKS",
            "productUrl": "https://www.spar.at/produktwelt/spar-limo-zitrone-p2020005351042",
            "storeName": "SPAR"
        },
        {
            "productHash": "ed54858eef862b32c7845aecc1bc843c207b8c2f",
            "productName": "SPAR Multivitaminsaft",
            "currentPrice": "€1,49",
            "originalPrice": "€1,89",
            "discount": "21% OFF",
            "unitMeasure": "1 L",
            "category": "DRINKS",
            "productUrl": "https://www.spar.at/produktwelt/spar-qualitaetsmarke-multivitaminsaft-p2559742",
            "storeName": "SPAR"
        },
        {
            "productHash": "3610f64cf4961a629895afcf03b525a6e16957c1",
            "productName": "SPAR Natur*pur Zweigelt lieblich Bio-Wein",
            "currentPrice": "€4,99",
            "originalPrice": "€6,49",
            "discount": "23% OFF",
            "unitMeasure": "0,75 L",
            "category": "DRINKS",
            "productUrl": "https://www.spar.at/produktwelt/spar-natur-pur-zweigelt-lieblich-bio-wein-2022-p2020005249349",
            "storeName": "SPAR"
        },
        {
            "productHash": "514a8477e14fb0bdf7340d401018336782074010",
            "productName": "SPAR Apfelsaft 100% 4x1l",
            "currentPrice": "€5,96",
            "originalPrice": "€6,99",
            "discount": "15% OFF",
            "unitMeasure": "4 L",
            "category": "DRINKS",
            "productUrl": "https://www.spar.at/produktwelt/spar-qualitaetsmarke-apfelsaft-100-4x1l-p837385",
            "storeName": "SPAR"
        },
        {
            "productHash": "93ef2531ed16201f9c76235547d7c74adf55646a",
            "productName": "SPAR 100% Apfelsaft mild",
            "currentPrice": "€1,49",
            "originalPrice": "€1,79",
            "discount": "17% OFF",
            "unitMeasure": "1 L",
            "category": "DRINKS",
            "productUrl": "https://www.spar.at/produktwelt/spar-qualitaetsmarke-apfelsaft-100-mild-p2020002881771",
            "storeName": "SPAR"
        },
        {
            "productHash": "f51b0f5fc3d46d75abc6feea4f519ec656c630ef",
            "productName": "SPAR Tonic Water",
            "currentPrice": "€0,79",
            "originalPrice": "€1,19",
            "discount": "34% OFF",
            "unitMeasure": "1 L",
            "category": "DRINKS",
            "productUrl": "https://www.spar.at/produktwelt/spar-tonic-water-p2020005351837",
            "storeName": "SPAR"
        },
        {
            "productHash": "b2e353c8a5a6c4d1f947aeb976a704d5c2441796",
            "productName": "SPAR Natur*pur Bio-Gute Nacht-Tee 20 Teebeutel",
            "currentPrice": "€2,49",
            "originalPrice": "€2,99",
            "discount": "17% OFF",
            "unitMeasure": "N/A",
            "category": "DRINKS",
            "productUrl": "https://www.spar.at/produktwelt/spar-natur-pur-bio-gute-nacht-tee-20-teebeutel-p6336844",
            "storeName": "SPAR"
        },
        {
            "productHash": "657bcb89ab4898944d50f9c24189fe4f3a000460",
            "productName": "SPAR Natur*pur Bio-Winter Früchtetee 20 Teebeutel",
            "currentPrice": "€2,49",
            "originalPrice": "€2,99",
            "discount": "17% OFF",
            "unitMeasure": "N/A",
            "category": "DRINKS",
            "productUrl": "https://www.spar.at/produktwelt/spar-natur-pur-bio-winter-tee-20-teebeutel-p2020001360482",
            "storeName": "SPAR"
        },
        {
            "productHash": "d6ec5836b79990209a0a2a188930195db1c783cc",
            "productName": "SPAR Eistee Pfirsich",
            "currentPrice": "€0,46",
            "originalPrice": "€0,69",
            "discount": "33% OFF",
            "unitMeasure": "0,5 L",
            "category": "DRINKS",
            "productUrl": "https://www.spar.at/produktwelt/spar-eistee-pfirsich-p2020005350977",
            "storeName": "SPAR"
        },
        {
            "productHash": "8a5561aa2cbbaf0e4479313b31fd3c080e62fed0",
            "productName": "SPAR Cola Classic",
            "currentPrice": "€0,79",
            "originalPrice": "€1,19",
            "discount": "34% OFF",
            "unitMeasure": "1,5 L",
            "category": "DRINKS",
            "productUrl": "https://www.spar.at/produktwelt/spar-cola-classic-p2020005351028",
            "storeName": "SPAR"
        },
        {
            "productHash": "2b52716c8c032fc66b9e74a4a0047f6c7ed0134a",
            "productName": "SPAR 100% Apfelsaft",
            "currentPrice": "€1,49",
            "originalPrice": "€1,79",
            "discount": "17% OFF",
            "unitMeasure": "1 L",
            "category": "DRINKS",
            "productUrl": "https://www.spar.at/produktwelt/spar-qualitaetsmarke-100-apfelsaft-p375016",
            "storeName": "SPAR"
        },
        {
            "productHash": "eeaf194ade07509d803eb6b2c1e5aeac0d3aa702",
            "productName": "SPAR Natur*pur Bio-Aroniasaft direkt gepresst",
            "currentPrice": "€5,99",
            "originalPrice": "€6,99",
            "discount": "14% OFF",
            "unitMeasure": "0,75 L",
            "category": "DRINKS",
            "productUrl": "https://www.spar.at/produktwelt/spar-natur-pur-bio-aroniasaft-p2020004855077",
            "storeName": "SPAR"
        },
        {
            "productHash": "05c80e1beb317532f3c83e31d09f7b89d25c77d4",
            "productName": "SPAR Cola light",
            "currentPrice": "€0,79",
            "originalPrice": "€1,19",
            "discount": "34% OFF",
            "unitMeasure": "1,5 L",
            "category": "DRINKS",
            "productUrl": "https://www.spar.at/produktwelt/spar-qualitaetsmarke-cola-light-p2020005379626",
            "storeName": "SPAR"
        },
        {
            "productHash": "600f1bfad3bb00e43348c2c143cdabd6e5c16e8a",
            "productName": "SPAR Bitter Lemon",
            "currentPrice": "€0,79",
            "originalPrice": "€1,19",
            "discount": "34% OFF",
            "unitMeasure": "1 L",
            "category": "DRINKS",
            "productUrl": "https://www.spar.at/produktwelt/spar-bitter-lemon-p2020005351844",
            "storeName": "SPAR"
        },
        {
            "productHash": "ca93e373082c5898a3df35f0b86e6842c3a251c3",
            "productName": "SPAR 100% Multivitamin mild",
            "currentPrice": "€1,49",
            "originalPrice": "€1,89",
            "discount": "21% OFF",
            "unitMeasure": "1 L",
            "category": "DRINKS",
            "productUrl": "https://www.spar.at/produktwelt/spar-qualitaetsmarke-multivitaminsaft-mild-p2020002881863",
            "storeName": "SPAR"
        },
        {
            "productHash": "1b360637e22fb7937982119e948c89c94045575d",
            "productName": "SPAR Natur*pur Bio-Caffè Crema Intenso",
            "currentPrice": "€16,99",
            "originalPrice": "€17,99",
            "discount": "6% OFF",
            "unitMeasure": "1 KG",
            "category": "DRINKS",
            "productUrl": "https://www.spar.at/produktwelt/spar-natur-pur-bio-caffe-crema-intenso-p2020003902116",
            "storeName": "SPAR"
        },
        {
            "productHash": "6f28107c74f5be1d9ef6559acd2a7ea91b3136c9",
            "productName": "SPAR Natur*pur Chardonnay Bio-Wein",
            "currentPrice": "€4,99",
            "originalPrice": "€6,49",
            "discount": "23% OFF",
            "unitMeasure": "0,75 L",
            "category": "DRINKS",
            "productUrl": "https://www.spar.at/produktwelt/spar-natur-pur-chardonnay-bio-wein-2023-p2020005246690",
            "storeName": "SPAR"
        },
        {
            "productHash": "8d08d1d49873cae9877a86df68620a236e32d02b",
            "productName": "SPAR Eistee Drachenfrucht",
            "currentPrice": "€0,46",
            "originalPrice": "€0,69",
            "discount": "33% OFF",
            "unitMeasure": "0,5 L",
            "category": "DRINKS",
            "productUrl": "https://www.spar.at/produktwelt/spar-eistee-drachenfrucht-p2020005352117",
            "storeName": "SPAR"
        },
        {
            "productHash": "5ed1459cd452b4079a25cb93fdd39b40d18a666c",
            "productName": "SPAR Natur*pur Bio-Chai-Tee 20 Teebeutel",
            "currentPrice": "€2,49",
            "originalPrice": "€2,99",
            "discount": "17% OFF",
            "unitMeasure": "N/A",
            "category": "DRINKS",
            "productUrl": "https://www.spar.at/produktwelt/spar-natur-pur-bio-chai-tee-20-teebeutel-p1568028",
            "storeName": "SPAR"
        },
        {
            "productHash": "11db79f032e7da3dc0c29976c1e0f68e7a4bb7c7",
            "productName": "SPAR Schwarze Johannisbeere",
            "currentPrice": "€1,49",
            "originalPrice": "€1,99",
            "discount": "25% OFF",
            "unitMeasure": "1 L",
            "category": "DRINKS",
            "productUrl": "https://www.spar.at/produktwelt/spar-qualitaetsmarke-schwarze-johannisbeere-p3065419",
            "storeName": "SPAR"
        },
        {
            "productHash": "795bbb26750d78f274f15fb96d21b4286c636042",
            "productName": "SPAR Wild Berry",
            "currentPrice": "€0,79",
            "originalPrice": "€1,19",
            "discount": "34% OFF",
            "unitMeasure": "1 L",
            "category": "DRINKS",
            "productUrl": "https://www.spar.at/produktwelt/spar-wild-berry-p2020005351875",
            "storeName": "SPAR"
        },
        {
            "productHash": "331249e5cb28bff7a795bbb945fc34f5bf34fbd5",
            "productName": "SPAR Ginger Ale",
            "currentPrice": "€0,79",
            "originalPrice": "€1,19",
            "discount": "34% OFF",
            "unitMeasure": "1 L",
            "category": "DRINKS",
            "productUrl": "https://www.spar.at/produktwelt/spar-ginger-ale-p2020005351868",
            "storeName": "SPAR"
        },
        {
            "productHash": "20482633e0f1ba969db010654736a6528fb5cb0a",
            "productName": "SPAR 100% steirischer Apfelsaft",
            "currentPrice": "€1,49",
            "originalPrice": "€1,89",
            "discount": "21% OFF",
            "unitMeasure": "1 L",
            "category": "DRINKS",
            "productUrl": "https://www.spar.at/produktwelt/spar-qualitaetsmarke-100-apfelsaft-aus-der-steiermark-p5398485",
            "storeName": "SPAR"
        },
        {
            "productHash": "c4a2e07d9734065604cec91967f17e6778da5cd7",
            "productName": "SPAR enjoy Soda Johannisbeere",
            "currentPrice": "€0,69",
            "originalPrice": "€0,85",
            "discount": "19% OFF",
            "unitMeasure": "0,75 L",
            "category": "DRINKS",
            "productUrl": "https://www.spar.at/produktwelt/spar-enjoy-p2020005777378",
            "storeName": "SPAR"
        },
        {
            "productHash": "d65448996792cbcd2dba5bd78d194192b0dadb76",
            "productName": "SPAR Natur*pur Bio-Pfefferminz-Tee 20 Teebeutel",
            "currentPrice": "€2,49",
            "originalPrice": "€2,99",
            "discount": "17% OFF",
            "unitMeasure": "N/A",
            "category": "DRINKS",
            "productUrl": "https://www.spar.at/produktwelt/spar-natur-pur-bio-pfefferminz-tee-20-teebeutel-p7377082",
            "storeName": "SPAR"
        },
        {
            "productHash": "c63bcfbf0b1b4616443562d08c0ed3bb4b6c4e97",
            "productName": "SPAR Heidelbeere",
            "currentPrice": "€1,49",
            "originalPrice": "€1,79",
            "discount": "17% OFF",
            "unitMeasure": "1 L",
            "category": "DRINKS",
            "productUrl": "https://www.spar.at/produktwelt/spar-heidelbeere-p2020005414051",
            "storeName": "SPAR"
        },
        {
            "productHash": "1ee61e0307ce28d4314f82f26914338d508d187b",
            "productName": "REGIO Wiener Krönung ganze Bohne",
            "currentPrice": "€6,99",
            "originalPrice": "€7,99",
            "discount": "13% OFF",
            "unitMeasure": "500 G",
            "category": "DRINKS",
            "productUrl": "https://www.spar.at/produktwelt/regio-wiener-kroenung-ganze-bohne-p7499579",
            "storeName": "SPAR"
        },
        {
            "productHash": "457c8e300af7ffdc73e49f0541fb8e3ef7d05b03",
            "productName": "REGIO Wiener Krönung gemahlen",
            "currentPrice": "€6,99",
            "originalPrice": "€7,99",
            "discount": "13% OFF",
            "unitMeasure": "500 G",
            "category": "DRINKS",
            "productUrl": "https://www.spar.at/produktwelt/regio-wiener-kroenung-gemahlen-p7493720",
            "storeName": "SPAR"
        },
        {
            "productHash": "8bb940fabfd4efab6e852a1bc7929d79ca229873",
            "productName": "Schloss Fels Grüner Veltliner Wagram DAC",
            "currentPrice": "€5,32",
            "originalPrice": "€7,99",
            "discount": "33% OFF",
            "unitMeasure": "0,75 L",
            "category": "DRINKS",
            "productUrl": "https://www.spar.at/produktwelt/schloss-fels-gruener-veltliner-wagram-dac-2024-p2020004951366",
            "storeName": "SPAR"
        },
        {
            "productHash": "ba28b544e12344cd2f69831a823f00da30ac2b9c",
            "productName": "Twinings Earl Grey 20x2g",
            "currentPrice": "€2,99",
            "originalPrice": "€N/A",
            "discount": "N/A",
            "unitMeasure": "N/A",
            "category": "DRINKS",
            "productUrl": "https://www.spar.at/produktwelt/twinings-twinings-earl-grey-earl-grey-20x2g-p2020005426306",
            "storeName": "SPAR"
        },
        {
            "productHash": "f1ae81a693fb3ec24179943997558717ddfc4b18",
            "productName": "Hakuma Focus Mango",
            "currentPrice": "€1,06",
            "originalPrice": "€1,59",
            "discount": "33% OFF",
            "unitMeasure": "235 ML",
            "category": "DRINKS",
            "productUrl": "https://www.spar.at/produktwelt/hakuma-focus-mango-p2020003627941",
            "storeName": "SPAR"
        },
        {
            "productHash": "55e68cc48f3293c84ae30c3cbaa74b5f47ade3eb",
            "productName": "Voelkel Demeter Shot Ingwer & Kurkuma",
            "currentPrice": "€3,69",
            "originalPrice": "€3,89",
            "discount": "5% OFF",
            "unitMeasure": "280 ML",
            "category": "DRINKS",
            "productUrl": "https://www.spar.at/produktwelt/voelkel-demeter-shot-ingwer-kurkuma-p2020003649691",
            "storeName": "SPAR"
        },
        {
            "productHash": "bb1871364f0fb841a539ba873bb506e37cbcacba",
            "productName": "Jameson Irish Whiskey",
            "currentPrice": "€19,99",
            "originalPrice": "€25,99",
            "discount": "23% OFF",
            "unitMeasure": "0,7 L",
            "category": "DRINKS",
            "productUrl": "https://www.spar.at/produktwelt/jameson-p7691621",
            "storeName": "SPAR"
        },
        {
            "productHash": "b92a6b6ed32d359842008c6e8aa3a844a84f362b",
            "productName": "Freixenet Carta Dry",
            "currentPrice": "€4,99",
            "originalPrice": "€9,99",
            "discount": "50% OFF",
            "unitMeasure": "0,75 L",
            "category": "DRINKS",
            "productUrl": "https://www.spar.at/produktwelt/freixenet-carta-dry-p6989002",
            "storeName": "SPAR"
        },
        {
            "productHash": "bb59ee2ab0b036d4b3b869536d129d7b93066743",
            "productName": "Café Royal Hazelnut 10 Kapseln",
            "currentPrice": "€3,49",
            "originalPrice": "€4,49",
            "discount": "22% OFF",
            "unitMeasure": "10 STK",
            "category": "DRINKS",
            "productUrl": "https://www.spar.at/produktwelt/cafe-royal-hazelnut-10-kapseln-p2020003636271",
            "storeName": "SPAR"
        },
        {
            "productHash": "a91bbd842950d3c187974e610983786d20c2b121",
            "productName": "Fanta Orange",
            "currentPrice": "€1,99",
            "originalPrice": "€N/A",
            "discount": "N/A",
            "unitMeasure": "1 L",
            "category": "DRINKS",
            "productUrl": "https://www.spar.at/produktwelt/fanta-orange-p2020005442696",
            "storeName": "SPAR"
        },
        {
            "productHash": "1a445e5bf781e7bf5a98cdf75efc3c236d96170a",
            "productName": "Capri-Sun Safari Fruits",
            "currentPrice": "€0,42",
            "originalPrice": "€0,85",
            "discount": "51% OFF",
            "unitMeasure": "200 ML",
            "category": "DRINKS",
            "productUrl": "https://www.spar.at/produktwelt/capri-sun-safari-fruits-p3288696",
            "storeName": "SPAR"
        },
        {
            "productHash": "880717daca1afea6a7b0f15688ce616d0831ab33",
            "productName": "Tassimo Jacobs Médaille d´Or 16 Kapseln",
            "currentPrice": "€6,69",
            "originalPrice": "€7,99",
            "discount": "16% OFF",
            "unitMeasure": "16 STK",
            "category": "DRINKS",
            "productUrl": "https://www.spar.at/produktwelt/tassimo-jacobs-medaille-d-or-16-kapseln-p7392931",
            "storeName": "SPAR"
        },
        {
            "productHash": "0bc9d2a2a12f14978425411eba627cda6d90080a",
            "productName": "Gösser Naturradler Zitrone 0,0% alkoholfrei 6x0,5l",
            "currentPrice": "€5,94",
            "originalPrice": "€9,54",
            "discount": "38% OFF",
            "unitMeasure": "3.000 ML",
            "category": "DRINKS",
            "productUrl": "https://www.spar.at/produktwelt/goesser-naturradler-zitrone-0-0-alkoholfrei-6x0-5lt-p2020005436381",
            "storeName": "SPAR"
        },
        {
            "productHash": "7af689eb7d45d427cc25505bdfe359d200db89f5",
            "productName": "true fruits smoothie triple pink",
            "currentPrice": "€2,79",
            "originalPrice": "€4,49",
            "discount": "38% OFF",
            "unitMeasure": "0,75 L",
            "category": "DRINKS",
            "productUrl": "https://www.spar.at/produktwelt/true-fruits-smoothie-triple-pink-p2020002517786",
            "storeName": "SPAR"
        },
        {
            "productHash": "b4cd37a8662732a80e5beab06e644ec2b496376d",
            "productName": "Café Royal Ristretto 10 Kapseln",
            "currentPrice": "€3,49",
            "originalPrice": "€3,99",
            "discount": "13% OFF",
            "unitMeasure": "10 STK",
            "category": "DRINKS",
            "productUrl": "https://www.spar.at/produktwelt/cafe-royal-ristretto-10-kapseln-p7499173",
            "storeName": "SPAR"
        },
        {
            "productHash": "9ed1be17d89a2bea77fc048acb98834c1fe7681d",
            "productName": "Reisetbauer Organic Gin",
            "currentPrice": "€25,99",
            "originalPrice": "€28,99",
            "discount": "10% OFF",
            "unitMeasure": "0,5 L",
            "category": "DRINKS",
            "productUrl": "https://www.spar.at/produktwelt/reisetbauer-organic-gin-p2020001874200",
            "storeName": "SPAR"
        },
        {
            "productHash": "e1f80a9f9aab2c00cbeffa0f756475894d6aa45d",
            "productName": "Eduscho Espresso Classico 10 Kapseln",
            "currentPrice": "€2,79",
            "originalPrice": "€4,49",
            "discount": "38% OFF",
            "unitMeasure": "10 STK",
            "category": "DRINKS",
            "productUrl": "https://www.spar.at/produktwelt/eduscho-espresso-classico-10-kapseln-p2020002801045",
            "storeName": "SPAR"
        },
        {
            "productHash": "808f095f3f783db2f512da3a2a95280808c46ebf",
            "productName": "Porta Leone Prosecco Spumante DOC",
            "currentPrice": "€5,99",
            "originalPrice": "€11,99",
            "discount": "50% OFF",
            "unitMeasure": "0,75 L",
            "category": "DRINKS",
            "productUrl": "https://www.spar.at/produktwelt/porta-leone-prosecco-spumante-doc-p6905279",
            "storeName": "SPAR"
        },
        {
            "productHash": "b176ed23beb47d2d4a456d044088804c97691b13",
            "productName": "Tchibo Cafissimo Espresso kräftig 30 Kapseln",
            "currentPrice": "€9,99",
            "originalPrice": "€12,99",
            "discount": "23% OFF",
            "unitMeasure": "30 STK",
            "category": "DRINKS",
            "productUrl": "https://www.spar.at/produktwelt/tchibo-cafissimo-espresso-kraeftig-30-kapseln-p2020002517083",
            "storeName": "SPAR"
        },
        {
            "productHash": "ff997177be4e3975654eb316d0f428e1c3e3dde3",
            "productName": "Nescafé Gold Löskaffee Edelmischung",
            "currentPrice": "€9,99",
            "originalPrice": "€15,49",
            "discount": "36% OFF",
            "unitMeasure": "200 G",
            "category": "DRINKS",
            "productUrl": "https://www.spar.at/produktwelt/nescafe-gold-loeskaffee-edelmischung-p770293",
            "storeName": "SPAR"
        },
        {
            "productHash": "46888d82e71e022dd65d7c86b380abf89822132d",
            "productName": "Tchibo Barista Espresso ganze Bohne",
            "currentPrice": "€18,99",
            "originalPrice": "€26,99",
            "discount": "30% OFF",
            "unitMeasure": "1 KG",
            "category": "DRINKS",
            "productUrl": "https://www.spar.at/produktwelt/tchibo-barista-espresso-ganze-bohne-p5501151",
            "storeName": "SPAR"
        },
        {
            "productHash": "9df430caf474f2e5433385acec13724b3068d3af",
            "productName": "Franziskaner Weissbier Naturtrüb",
            "currentPrice": "€0,84",
            "originalPrice": "€1,24",
            "discount": "32% OFF",
            "unitMeasure": "500 ML",
            "category": "DRINKS",
            "productUrl": "https://www.spar.at/produktwelt/franziskaner-weissbier-naturtrueb-p3640777",
            "storeName": "SPAR"
        },
        {
            "productHash": "fa001b48471c788627f7768c14320a68d7c8ecd1",
            "productName": "Bombay Sapphire London Dry Gin",
            "currentPrice": "€21,99",
            "originalPrice": "€25,49",
            "discount": "14% OFF",
            "unitMeasure": "0,7 L",
            "category": "DRINKS",
            "productUrl": "https://www.spar.at/produktwelt/bombay-sapphire-london-dry-gin-p7681707",
            "storeName": "SPAR"
        },
        {
            "productHash": "fb52190238c54882c08bebd673277b2671340249",
            "productName": "Capri-Sun Kirsche",
            "currentPrice": "€0,42",
            "originalPrice": "€0,85",
            "discount": "51% OFF",
            "unitMeasure": "200 ML",
            "category": "DRINKS",
            "productUrl": "https://www.spar.at/produktwelt/capri-sun-kirsche-p3288658",
            "storeName": "SPAR"
        },
        {
            "productHash": "6b1dc864dad842a05dc640d6ed95072d989c3438",
            "productName": "Nescafé Dolce Gusto Café au Lait 16 Kapseln",
            "currentPrice": "€6,49",
            "originalPrice": "€7,49",
            "discount": "13% OFF",
            "unitMeasure": "16 STK",
            "category": "DRINKS",
            "productUrl": "https://www.spar.at/produktwelt/nescafe-dolce-gusto-kapseln-cafe-au-lait-16-kapseln-p7875472",
            "storeName": "SPAR"
        },
        {
            "productHash": "9ddf56a23a5587bb46aab754fc3a2404324cf610",
            "productName": "Darbo Fruchtsirup Wildpreiselbeer",
            "currentPrice": "€6,99",
            "originalPrice": "€N/A",
            "discount": "N/A",
            "unitMeasure": "0,5 L",
            "category": "DRINKS",
            "productUrl": "https://www.spar.at/produktwelt/darbo-fruchtsirup-wildpreiselbeer-p5040223",
            "storeName": "SPAR"
        },
        {
            "productHash": "ab811cc97f52d270dd2ec1afe18a7518afcf85f6",
            "productName": "Rauch Eistee Zitrone",
            "currentPrice": "€1,19",
            "originalPrice": "€1,79",
            "discount": "34% OFF",
            "unitMeasure": "1 L",
            "category": "DRINKS",
            "productUrl": "https://www.spar.at/produktwelt/rauch-eistee-zitrone-p2020005435605",
            "storeName": "SPAR"
        },
        {
            "productHash": "cf534769245a141b61c8c94de41db4c2c362ce90",
            "productName": "Scheiblhofer Cool John",
            "currentPrice": "€7,99",
            "originalPrice": "€9,99",
            "discount": "20% OFF",
            "unitMeasure": "0,75 L",
            "category": "DRINKS",
            "productUrl": "https://www.spar.at/produktwelt/scheiblhofer-cool-john-2024-p2020005788855",
            "storeName": "SPAR"
        },
        {
            "productHash": "96598fcd94367627d2a35831791631dc385158ef",
            "productName": "Teekanne Früchtegarten Früchtetee Herzkirsche 20 Teebeutel",
            "currentPrice": "€2,59",
            "originalPrice": "€3,59",
            "discount": "28% OFF",
            "unitMeasure": "N/A",
            "category": "DRINKS",
            "productUrl": "https://www.spar.at/produktwelt/teekanne-fruechtegarten-fruechtetee-herzkirsche-20-teebeutel-p5847037",
            "storeName": "SPAR"
        },
        {
            "productHash": "d921ed1d2a555cc85f4373619462c54d1fd8c71c",
            "productName": "Eduscho Caffé Crema Brasilien Exotic",
            "currentPrice": "€15,99",
            "originalPrice": "€22,99",
            "discount": "30% OFF",
            "unitMeasure": "1 KG",
            "category": "DRINKS",
            "productUrl": "https://www.spar.at/produktwelt/eduscho-caffe-crema-brasilien-exotic-p2020003944864",
            "storeName": "SPAR"
        },
        {
            "productHash": "e27f05af8816bd249db8e4381f72c999b937f895",
            "productName": "Scheiblhofer Premium Cuvée",
            "currentPrice": "€7,99",
            "originalPrice": "€9,99",
            "discount": "20% OFF",
            "unitMeasure": "0,75 L",
            "category": "DRINKS",
            "productUrl": "https://www.spar.at/produktwelt/scheiblhofer-premium-cuvee-2023-p2020000537854",
            "storeName": "SPAR"
        },
        {
            "productHash": "13259ce8a8cc8fc13b14fd9f337b835807ff9c70",
            "productName": "Tassimo Jacobs Monarch 16 Kapseln",
            "currentPrice": "€6,69",
            "originalPrice": "€7,99",
            "discount": "16% OFF",
            "unitMeasure": "16 STK",
            "category": "DRINKS",
            "productUrl": "https://www.spar.at/produktwelt/tassimo-jacobs-monarch-16-kapseln-p5874910",
            "storeName": "SPAR"
        },
        {
            "productHash": "6441b0d75de3a836e220a375af6b3cffbc299a52",
            "productName": "Gösser Märzen",
            "currentPrice": "€0,69",
            "originalPrice": "€1,39",
            "discount": "50% OFF",
            "unitMeasure": "330 ML",
            "category": "DRINKS",
            "productUrl": "https://www.spar.at/produktwelt/goesser-maerzen-p5406524",
            "storeName": "SPAR"
        },
        {
            "productHash": "ddee2f75b2dc01af409fea016a2b6e51027c7135",
            "productName": "Campari Bitter",
            "currentPrice": "€14,49",
            "originalPrice": "€18,49",
            "discount": "22% OFF",
            "unitMeasure": "0,7 L",
            "category": "DRINKS",
            "productUrl": "https://www.spar.at/produktwelt/campari-p2020004132918",
            "storeName": "SPAR"
        },
        {
            "productHash": "be10d365fa20d58beccbd04e5d275e0db21dd55b",
            "productName": "Erzherzog Johann Klassik Sauvignon Blanc",
            "currentPrice": "€6,49",
            "originalPrice": "€7,99",
            "discount": "19% OFF",
            "unitMeasure": "0,75 L",
            "category": "DRINKS",
            "productUrl": "https://www.spar.at/produktwelt/erzherzog-johann-klassik-sauvignon-blanc-2024-p4736141",
            "storeName": "SPAR"
        },
        {
            "productHash": "769ffd90163cfeadeefb7d7f39368b4feaf01655",
            "productName": "Römerquelle Mineralwasser prickelnd",
            "currentPrice": "€0,75",
            "originalPrice": "€0,95",
            "discount": "21% OFF",
            "unitMeasure": "1,5 L",
            "category": "DRINKS",
            "productUrl": "https://www.spar.at/produktwelt/roemerquelle-mineralwasser-prickelnd-p2020005444386",
            "storeName": "SPAR"
        },
        {
            "productHash": "944c6df98db7d14656293f9b19694234d083798f",
            "productName": "Almdudler Zuckerfrei",
            "currentPrice": "€1,14",
            "originalPrice": "€2,29",
            "discount": "50% OFF",
            "unitMeasure": "1,5 L",
            "category": "DRINKS",
            "productUrl": "https://www.spar.at/produktwelt/almdudler-alpenkraeuterlimonade-zuckerfrei-p2020005441828",
            "storeName": "SPAR"
        },
        {
            "productHash": "73482773a38cfe869aa3c69f16c67d2a99371730",
            "productName": "Coca Cola Cherry 1l PET-Flasche",
            "currentPrice": "€1,99",
            "originalPrice": "€N/A",
            "discount": "N/A",
            "unitMeasure": "1 L",
            "category": "DRINKS",
            "productUrl": "https://www.spar.at/produktwelt/coca-cola-cherry-p2020005706644",
            "storeName": "SPAR"
        },
        {
            "productHash": "e21d4570ac9e23d544674cfb048d1483c10a6761",
            "productName": "Scheiblhofer Premium White",
            "currentPrice": "€7,99",
            "originalPrice": "€9,99",
            "discount": "20% OFF",
            "unitMeasure": "0,75 L",
            "category": "DRINKS",
            "productUrl": "https://www.spar.at/produktwelt/scheiblhofer-premium-white-2024-p2020005741188",
            "storeName": "SPAR"
        },
        {
            "productHash": "f22357a7faa319fbd46fb21493116bb2b288e085",
            "productName": "Coca Cola Zero 4x0,33l",
            "currentPrice": "€2,68",
            "originalPrice": "€4,89",
            "discount": "45% OFF",
            "unitMeasure": "1,32 L",
            "category": "DRINKS",
            "productUrl": "https://www.spar.at/produktwelt/coca-cola-zero-4-x-0-33l-p2020005707375",
            "storeName": "SPAR"
        },
        {
            "productHash": "81acb081a9993b01739fa36f8059e74dbed988e7",
            "productName": "Tchibo Cafissimo Caffe Crema entkoffeiniert 10 Kapseln",
            "currentPrice": "€9,99",
            "originalPrice": "€12,99",
            "discount": "23% OFF",
            "unitMeasure": "30 STK",
            "category": "DRINKS",
            "productUrl": "https://www.spar.at/produktwelt/tchibo-cafissimo-caffe-crema-entkoffeiniert-10-kapseln-p2020004844163",
            "storeName": "SPAR"
        },
        {
            "productHash": "6ef51d9b82a4e1035c9928d86feabe2de51f9cd5",
            "productName": "Rauch Eistee Pfirsich",
            "currentPrice": "€1,19",
            "originalPrice": "€1,79",
            "discount": "34% OFF",
            "unitMeasure": "1 L",
            "category": "DRINKS",
            "productUrl": "https://www.spar.at/produktwelt/rauch-eistee-pfirsich-p2020005435612",
            "storeName": "SPAR"
        },
        {
            "productHash": "cf55c8f91ef7b885f33423ff2f087e45a09f2d2c",
            "productName": "Starbucks Caffè Latte",
            "currentPrice": "€1,09",
            "originalPrice": "€2,19",
            "discount": "50% OFF",
            "unitMeasure": "220 ML",
            "category": "DRINKS",
            "productUrl": "https://www.spar.at/produktwelt/starbucks-caffe-latte-p1422030",
            "storeName": "SPAR"
        },
        {
            "productHash": "24320e22b30f460ad007bad1c0ec6b82f3416983",
            "productName": "Tassimo Jacobs Caffé Crema Classico 16 Kapseln",
            "currentPrice": "€6,69",
            "originalPrice": "€7,99",
            "discount": "16% OFF",
            "unitMeasure": "16 STK",
            "category": "DRINKS",
            "productUrl": "https://www.spar.at/produktwelt/tassimo-jacobs-caffe-crema-classico-16-kapseln-p2693699",
            "storeName": "SPAR"
        },
        {
            "productHash": "36e30e8e41c67fd41a87510eaad55c8afd065b0b",
            "productName": "Kloster Kitchen Ingwer Shot Classic",
            "currentPrice": "€1,99",
            "originalPrice": "€2,49",
            "discount": "20% OFF",
            "unitMeasure": "60 ML",
            "category": "DRINKS",
            "productUrl": "https://www.spar.at/produktwelt/kloster-kitchen-ingwer-shot-classic-p2020003853579",
            "storeName": "SPAR"
        },
        {
            "productHash": "e8ffa3c64d306a2d1db4aa8f84f0140d789608c2",
            "productName": "Rauch Happy Day 100% Orangensaft mit Fruchtfleisch",
            "currentPrice": "€2,32",
            "originalPrice": "€3,49",
            "discount": "34% OFF",
            "unitMeasure": "1 L",
            "category": "DRINKS",
            "productUrl": "https://www.spar.at/produktwelt/rauch-happy-day-orangensaft-mit-fruchtfleisch-p3759905",
            "storeName": "SPAR"
        },
        {
            "productHash": "465ff2f56de58c8590ca5be986106c9019ebc98c",
            "productName": "Nescafé Dolce Gusto Cappuccino 8+8 Kapseln",
            "currentPrice": "€6,49",
            "originalPrice": "€7,49",
            "discount": "13% OFF",
            "unitMeasure": "16 STK",
            "category": "DRINKS",
            "productUrl": "https://www.spar.at/produktwelt/nescafe-dolce-gusto-kapseln-cappuccino-16-kapseln-8-8-kapseln-p6263263",
            "storeName": "SPAR"
        },
        {
            "productHash": "4b3bdab411d61a743585c09864bcd559d0129005",
            "productName": "Stiegl Goldbräu 20x0,5l",
            "currentPrice": "€15,80",
            "originalPrice": "€27,60",
            "discount": "43% OFF",
            "unitMeasure": "500 ML",
            "category": "DRINKS",
            "productUrl": "https://www.spar.at/produktwelt/stiegl-goldbraeu-p806947",
            "storeName": "SPAR"
        },
        {
            "productHash": "2f8f9facad4e5a4c469548f3b5b2a47db10f6657",
            "productName": "Rauch Happy Day 100% Orangensaft mild",
            "currentPrice": "€2,32",
            "originalPrice": "€3,49",
            "discount": "34% OFF",
            "unitMeasure": "1 L",
            "category": "DRINKS",
            "productUrl": "https://www.spar.at/produktwelt/rauch-happy-day-orange-mild-p6623227",
            "storeName": "SPAR"
        },
        {
            "productHash": "9a7d9c1e464acff491bc5ce1411a81d46ce4b987",
            "productName": "Starbucks by Nescafe Dolce Gusto Madagascar Vanille Macchiato 6+6 Kapseln",
            "currentPrice": "€6,49",
            "originalPrice": "€6,99",
            "discount": "7% OFF",
            "unitMeasure": "12 STK",
            "category": "DRINKS",
            "productUrl": "https://www.spar.at/produktwelt/starbucks-by-nescafe-dolce-gusto-kapseln-vanille-macchiato-p2020003871986",
            "storeName": "SPAR"
        },
        {
            "productHash": "6793dc63f97e2eb64d265228f54268a1641d8fbb",
            "productName": "all i need Organic White Tea",
            "currentPrice": "€1,19",
            "originalPrice": "€1,69",
            "discount": "30% OFF",
            "unitMeasure": "250 ML",
            "category": "DRINKS",
            "productUrl": "https://www.spar.at/produktwelt/all-i-need-organic-white-tea-p2020005443242",
            "storeName": "SPAR"
        },
        {
            "productHash": "af810cee345a45cc4e24555c4625479598b42c5d",
            "productName": "Nescafé Gold Löskaffee Crema",
            "currentPrice": "€9,99",
            "originalPrice": "€15,49",
            "discount": "36% OFF",
            "unitMeasure": "200 G",
            "category": "DRINKS",
            "productUrl": "https://www.spar.at/produktwelt/nescafe-gold-crema-p7497438",
            "storeName": "SPAR"
        },
        {
            "productHash": "ea5d3ba49527fd7ecc69e8d6ca2412145b5defab",
            "productName": "Coca Cola Zero Zucker Zero Koffein 330ml",
            "currentPrice": "€0,67",
            "originalPrice": "€1,35",
            "discount": "50% OFF",
            "unitMeasure": "330 ML",
            "category": "DRINKS",
            "productUrl": "https://www.spar.at/produktwelt/coca-cola-zero-zucker-zero-koffein-p2020005445727",
            "storeName": "SPAR"
        },
        {
            "productHash": "f8062ebf31da65125ff5c7775e3c694e06c189fa",
            "productName": "Twinings English Breakfast 20x2g",
            "currentPrice": "€2,99",
            "originalPrice": "€N/A",
            "discount": "N/A",
            "unitMeasure": "N/A",
            "category": "DRINKS",
            "productUrl": "https://www.spar.at/produktwelt/twinings-twinings-english-breakfast-english-breakfast-20x2g-p2020005426269",
            "storeName": "SPAR"
        },
        {
            "productHash": "0c7fcc48fbaac8f4a2af132582df8362d38f4773",
            "productName": "Gösser Märzen 6x0,5l",
            "currentPrice": "€4,44",
            "originalPrice": "€8,64",
            "discount": "49% OFF",
            "unitMeasure": "3.000 ML",
            "category": "DRINKS",
            "productUrl": "https://www.spar.at/produktwelt/goesser-maerzen-6-x-0-5l-p7944857",
            "storeName": "SPAR"
        },
        {
            "productHash": "e6ee320fc7763ec2aef3b6a63c992f0ad532cc27",
            "productName": "Nescafé Dolce Gusto Latte Macchiato Latte Macchiato 8+8 Kapseln",
            "currentPrice": "€6,49",
            "originalPrice": "€7,49",
            "discount": "13% OFF",
            "unitMeasure": "16 STK",
            "category": "DRINKS",
            "productUrl": "https://www.spar.at/produktwelt/nescafe-dolce-gusto-kapseln-latte-macchiato-8-8-kapseln-p6263324",
            "storeName": "SPAR"
        },
        {
            "productHash": "7875a35fc0d2498553392425a2117d10409ea23c",
            "productName": "Eduscho Wiener Melange ganze Bohne",
            "currentPrice": "€7,99",
            "originalPrice": "€10,49",
            "discount": "24% OFF",
            "unitMeasure": "500 G",
            "category": "DRINKS",
            "productUrl": "https://www.spar.at/produktwelt/eduscho-melange-ganze-bohne-p3434260",
            "storeName": "SPAR"
        },
        {
            "productHash": "6f806330b86e02d6756eddbf18fc4558e1f9b948",
            "productName": "Römerquelle Emotion Marille Holunderblüte",
            "currentPrice": "€0,69",
            "originalPrice": "€1,39",
            "discount": "50% OFF",
            "unitMeasure": "0,75 L",
            "category": "DRINKS",
            "productUrl": "https://www.spar.at/produktwelt/roemerquelle-emotion-marille-holunderbluete-p2020005429079",
            "storeName": "SPAR"
        },
        {
            "productHash": "0407190f98438036f96df9ea95ea870d2cea3c3e",
            "productName": "Eristoff Vodka",
            "currentPrice": "€10,49",
            "originalPrice": "€13,49",
            "discount": "22% OFF",
            "unitMeasure": "0,7 L",
            "category": "DRINKS",
            "productUrl": "https://www.spar.at/produktwelt/eristoff-vodka-p6981938",
            "storeName": "SPAR"
        },
        {
            "productHash": "e2d1aa7d345db3813f65fff343483c3a2c972868",
            "productName": "Hillinger Hill Liter Grüner Veltliner",
            "currentPrice": "€4,99",
            "originalPrice": "€6,99",
            "discount": "29% OFF",
            "unitMeasure": "1 L",
            "category": "DRINKS",
            "productUrl": "https://www.spar.at/produktwelt/hillinger-hill-liter-gruener-veltliner-p7396588",
            "storeName": "SPAR"
        },
        {
            "productHash": "56870f984dd25074b7baa1b013093de865b26485",
            "productName": "Coca Cola Original 4x0,33l",
            "currentPrice": "€2,68",
            "originalPrice": "€4,89",
            "discount": "45% OFF",
            "unitMeasure": "1,32 L",
            "category": "DRINKS",
            "productUrl": "https://www.spar.at/produktwelt/coca-cola-4-x-0-33l-p2020005707368",
            "storeName": "SPAR"
        },
        {
            "productHash": "76561b5365bda4a112ef46a53c6fbcd9946417d1",
            "productName": "Rauch Yippy Multi",
            "currentPrice": "€0,99",
            "originalPrice": "€1,35",
            "discount": "27% OFF",
            "unitMeasure": "330 ML",
            "category": "DRINKS",
            "productUrl": "https://www.spar.at/produktwelt/rauch-yippy-multi-p2020005446298",
            "storeName": "SPAR"
        },
        {
            "productHash": "9deaf50bc793bdb05ddd2f6fcd66481139748b45",
            "productName": "Coca Cola Zero Zucker 2l PET-Flasche",
            "currentPrice": "€1,99",
            "originalPrice": "€2,79",
            "discount": "29% OFF",
            "unitMeasure": "2 L",
            "category": "DRINKS",
            "productUrl": "https://www.spar.at/produktwelt/coca-cola-zero-p2020005434882",
            "storeName": "SPAR"
        },
        {
            "productHash": "2ac81feea4adbdd56c5c48329927950d70bc8a50",
            "productName": "Fanta Orange",
            "currentPrice": "€0,67",
            "originalPrice": "€1,35",
            "discount": "50% OFF",
            "unitMeasure": "330 ML",
            "category": "DRINKS",
            "productUrl": "https://www.spar.at/produktwelt/fanta-orange-p2020005444348",
            "storeName": "SPAR"
        },
        {
            "productHash": "e62ef8bd2a716d93873ba779640aee25dc3c4afe",
            "productName": "Darbo Fruchtsirup Schwarze Johannisbeere",
            "currentPrice": "€6,99",
            "originalPrice": "€N/A",
            "discount": "N/A",
            "unitMeasure": "0,5 L",
            "category": "DRINKS",
            "productUrl": "https://www.spar.at/produktwelt/darbo-fruchtsirup-schwarze-johannisbeere-p409728",
            "storeName": "SPAR"
        },
        {
            "productHash": "2a1cb04a03edddff1f6ca1f6dc64365da172f7dc",
            "productName": "Huber Markus Grüner Veltliner Traisental DAC Nussdorfer BIO",
            "currentPrice": "€7,49",
            "originalPrice": "€9,99",
            "discount": "25% OFF",
            "unitMeasure": "0,75 L",
            "category": "DRINKS",
            "productUrl": "https://www.spar.at/produktwelt/huber-markus-gruener-veltliner-traisental-dac-nussdorfer-bio-2024-p4458159",
            "storeName": "SPAR"
        },
        {
            "productHash": "3d446ff41ae671670a4d99f3458df88d4b2eb147",
            "productName": "Almdudler Original",
            "currentPrice": "€1,14",
            "originalPrice": "€2,29",
            "discount": "50% OFF",
            "unitMeasure": "1,5 L",
            "category": "DRINKS",
            "productUrl": "https://www.spar.at/produktwelt/almdudler-alpenkraeuterlimonade-original-p2020005439627",
            "storeName": "SPAR"
        },
        {
            "productHash": "0d37a484ecb68d47518983ce7e0ba392b076768c",
            "productName": "Darbo Fruchtsirup sizilianische Zitrone",
            "currentPrice": "€6,99",
            "originalPrice": "€N/A",
            "discount": "N/A",
            "unitMeasure": "0,5 L",
            "category": "DRINKS",
            "productUrl": "https://www.spar.at/produktwelt/darbo-sizilianische-zitrone-zitrone-p2020002957674",
            "storeName": "SPAR"
        },
        {
            "productHash": "6eeeed5ff61b93b22eb98e3fb66eb6cd409a8b5f",
            "productName": "Hillinger Hill Liter Zweigelt",
            "currentPrice": "€4,99",
            "originalPrice": "€6,99",
            "discount": "29% OFF",
            "unitMeasure": "1 L",
            "category": "DRINKS",
            "productUrl": "https://www.spar.at/produktwelt/hillinger-hill-liter-zweigelt-p7396489",
            "storeName": "SPAR"
        },
        {
            "productHash": "47daabee439d6d54f071d10ae923c0c649ab3bc5",
            "productName": "Jacobs Caffe Crema intenso ganze Bohne",
            "currentPrice": "€19,99",
            "originalPrice": "€26,99",
            "discount": "26% OFF",
            "unitMeasure": "1 KG",
            "category": "DRINKS",
            "productUrl": "https://www.spar.at/produktwelt/jacobs-caffe-crema-intenso-ganze-bohne-p7492457",
            "storeName": "SPAR"
        },
        {
            "productHash": "3e8fe4864f388ada80b53bf8862efb838d25508c",
            "productName": "Bründlmayer Grüner Veltliner BIO",
            "currentPrice": "€10,99",
            "originalPrice": "€12,49",
            "discount": "12% OFF",
            "unitMeasure": "0,75 L",
            "category": "DRINKS",
            "productUrl": "https://www.spar.at/produktwelt/bruendlmayer-gruener-veltliner-bio-2024-p3619650",
            "storeName": "SPAR"
        },
        {
            "productHash": "a42d6cf2e0a6f75bc62516e2d4dcd1ddf680d9c2",
            "productName": "Coca Cola Cherry 330ml Dose",
            "currentPrice": "€0,67",
            "originalPrice": "€1,35",
            "discount": "50% OFF",
            "unitMeasure": "330 ML",
            "category": "DRINKS",
            "productUrl": "https://www.spar.at/produktwelt/coca-cola-cherry-p2020005706941",
            "storeName": "SPAR"
        },
        {
            "productHash": "9a2d13edaac78cc456d24b0903b7b510cdce8537",
            "productName": "Eduscho Gala Nr. 1 gemahlen",
            "currentPrice": "€7,99",
            "originalPrice": "€12,49",
            "discount": "36% OFF",
            "unitMeasure": "500 G",
            "category": "DRINKS",
            "productUrl": "https://www.spar.at/produktwelt/eduscho-gala-nr-1-gemahlen-p7493485",
            "storeName": "SPAR"
        },
        {
            "productHash": "8229d2aaff5a3166eca644d0e418de58018bc524",
            "productName": "Coca Cola Original",
            "currentPrice": "€1,99",
            "originalPrice": "€N/A",
            "discount": "N/A",
            "unitMeasure": "1 L",
            "category": "DRINKS",
            "productUrl": "https://www.spar.at/produktwelt/coca-cola-original-p2020005439887",
            "storeName": "SPAR"
        },
        {
            "productHash": "b691ae3d34191913d93eed4f6f4f3cf14271eb35",
            "productName": "Mionetto Spumante Prestige Collection DOC Rosé",
            "currentPrice": "€6,99",
            "originalPrice": "€13,99",
            "discount": "50% OFF",
            "unitMeasure": "0,75 L",
            "category": "DRINKS",
            "productUrl": "https://www.spar.at/produktwelt/mionetto-spumante-prestige-collection-doc-rose-p2020001746354",
            "storeName": "SPAR"
        },
        {
            "productHash": "85183c57cf5d021418e2a5f9c11feeeafd183df8",
            "productName": "Eduscho Lungo Cremoso 10 Kapseln",
            "currentPrice": "€2,79",
            "originalPrice": "€4,49",
            "discount": "38% OFF",
            "unitMeasure": "10 STK",
            "category": "DRINKS",
            "productUrl": "https://www.spar.at/produktwelt/eduscho-lungo-cremoso-10-kapseln-p2020002801052",
            "storeName": "SPAR"
        },
        {
            "productHash": "1d3fc1360dda02499ef6ca60ccf7b8a09b8556fb",
            "productName": "Römerquelle Mineralwasser mild",
            "currentPrice": "€0,75",
            "originalPrice": "€0,95",
            "discount": "21% OFF",
            "unitMeasure": "1,5 L",
            "category": "DRINKS",
            "productUrl": "https://www.spar.at/produktwelt/roemerquelle-mineralwasser-mild-p2020005433380",
            "storeName": "SPAR"
        },
        {
            "productHash": "987c6f06a3ae311d9c9fff3b3a7e03e04dac4a9c",
            "productName": "Tschida Spätlese Cuvée",
            "currentPrice": "€7,99",
            "originalPrice": "€9,99",
            "discount": "20% OFF",
            "unitMeasure": "0,75 L",
            "category": "DRINKS",
            "productUrl": "https://www.spar.at/produktwelt/tschida-spaetlese-cuvee-2023-p5355013",
            "storeName": "SPAR"
        },
        {
            "productHash": "89baf4d9c038114e0b767fe61c4a1ff30cdcdea3",
            "productName": "Coca Cola Zero Zucker",
            "currentPrice": "€0,67",
            "originalPrice": "€1,35",
            "discount": "50% OFF",
            "unitMeasure": "330 ML",
            "category": "DRINKS",
            "productUrl": "https://www.spar.at/produktwelt/coca-cola-zero-p2020005443426",
            "storeName": "SPAR"
        },
        {
            "productHash": "0e881d2c577a50d7126f865756dd0ad99bc14720",
            "productName": "Darbo Blütensirup Holunderblüte",
            "currentPrice": "€6,99",
            "originalPrice": "€N/A",
            "discount": "N/A",
            "unitMeasure": "0,5 L",
            "category": "DRINKS",
            "productUrl": "https://www.spar.at/produktwelt/darbo-bluetensirup-holunderbluete-p7092916",
            "storeName": "SPAR"
        },
        {
            "productHash": "2fd54544243cf7e80df2f88b19e381726f8511ac",
            "productName": "Jacobs Monarch gemahlen",
            "currentPrice": "€9,99",
            "originalPrice": "€12,99",
            "discount": "23% OFF",
            "unitMeasure": "500 G",
            "category": "DRINKS",
            "productUrl": "https://www.spar.at/produktwelt/jacobs-monarch-gemahlen-p7493843",
            "storeName": "SPAR"
        },
        {
            "productHash": "29634d9012cd6459327ff784a977c119471f2a67",
            "productName": "Neckenmarkt Blaufränkisch Classic",
            "currentPrice": "€3,99",
            "originalPrice": "€7,99",
            "discount": "50% OFF",
            "unitMeasure": "0,75 L",
            "category": "DRINKS",
            "productUrl": "https://www.spar.at/produktwelt/neckenmarkt-blaufraenkisch-classic-2022-p5901197",
            "storeName": "SPAR"
        },
        {
            "productHash": "2176527eb0d92b4a61bf75373937b65edc337ce3",
            "productName": "Starbucks Hazelnut Macchiato",
            "currentPrice": "€1,09",
            "originalPrice": "€2,19",
            "discount": "50% OFF",
            "unitMeasure": "220 ML",
            "category": "DRINKS",
            "productUrl": "https://www.spar.at/produktwelt/starbucks-hazelnut-macchiato-p2020001174911",
            "storeName": "SPAR"
        },
        {
            "productHash": "a2335cddb812b60ab53d8f69d63db1532eb2946d",
            "productName": "Capri-Sun Multivitamin",
            "currentPrice": "€0,42",
            "originalPrice": "€0,85",
            "discount": "51% OFF",
            "unitMeasure": "200 ML",
            "category": "DRINKS",
            "productUrl": "https://www.spar.at/produktwelt/capri-sun-multivitamin-p3288672",
            "storeName": "SPAR"
        },
        {
            "productHash": "484a8b5197a61b33e2fc86d513406bb00ec0f762",
            "productName": "Höllinger Steirischer Apfel naturtrüb",
            "currentPrice": "€2,79",
            "originalPrice": "€3,29",
            "discount": "15% OFF",
            "unitMeasure": "1 L",
            "category": "DRINKS",
            "productUrl": "https://www.spar.at/produktwelt/hoellinger-steirischer-apfel-naturtrueb-p4364474",
            "storeName": "SPAR"
        },
        {
            "productHash": "7bccdeee561d8d4de67dcfa0356ceb83fca974cc",
            "productName": "Teekanne Früchtegarten Früchtetee 20 Teebeutel",
            "currentPrice": "€2,59",
            "originalPrice": "€3,59",
            "discount": "28% OFF",
            "unitMeasure": "N/A",
            "category": "DRINKS",
            "productUrl": "https://www.spar.at/produktwelt/teekanne-fruechtegarten-fruechteteemischung-fruechtetee-20-teebeutel-p4140986",
            "storeName": "SPAR"
        },
        {
            "productHash": "a32f34e91cec6418fd63dd23883604ecf536018c",
            "productName": "Franziskaner Weissbier Alkoholfrei",
            "currentPrice": "€0,84",
            "originalPrice": "€1,24",
            "discount": "32% OFF",
            "unitMeasure": "500 ML",
            "category": "DRINKS",
            "productUrl": "https://www.spar.at/produktwelt/franziskaner-alkoholfrei-p2020001919703",
            "storeName": "SPAR"
        },
        {
            "productHash": "8bc6e2f69387aab90fd59ea3b8a319cd685a0e2a",
            "productName": "Tassimo Jacobs Cafe au Lait 16 Kapseln",
            "currentPrice": "€6,69",
            "originalPrice": "€7,99",
            "discount": "16% OFF",
            "unitMeasure": "16 STK",
            "category": "DRINKS",
            "productUrl": "https://www.spar.at/produktwelt/tassimo-jacobs-cafe-au-lait-16-kapseln-p6112073",
            "storeName": "SPAR"
        },
        {
            "productHash": "124a267b9542c19860b322b9200664fc1e9e69d5",
            "productName": "Römerquelle Emotion Zitrone Kaktus",
            "currentPrice": "€0,69",
            "originalPrice": "€1,39",
            "discount": "50% OFF",
            "unitMeasure": "0,75 L",
            "category": "DRINKS",
            "productUrl": "https://www.spar.at/produktwelt/roemerquelle-emotion-zitrone-kaktus-p2020005687257",
            "storeName": "SPAR"
        },
        {
            "productHash": "cb0774a7eb4f70fa4905db591190556581096f32",
            "productName": "Starbucks Cappuccino",
            "currentPrice": "€1,09",
            "originalPrice": "€2,19",
            "discount": "50% OFF",
            "unitMeasure": "220 ML",
            "category": "DRINKS",
            "productUrl": "https://www.spar.at/produktwelt/starbucks-cappuccino-p2020000521129",
            "storeName": "SPAR"
        },
        {
            "productHash": "e68f2bbbe56ddceffd2635adf70f8d080cdc117b",
            "productName": "Teekanne Früchtegarten Früchteteemischung Winterzauber 20 Teebeutel",
            "currentPrice": "€2,59",
            "originalPrice": "€3,59",
            "discount": "28% OFF",
            "unitMeasure": "N/A",
            "category": "DRINKS",
            "productUrl": "https://www.spar.at/produktwelt/teekanne-fruechtegarten-fruechteteemischung-winterzauber-20-teebeutel-p4142218",
            "storeName": "SPAR"
        },
        {
            "productHash": "fc774ad58c29a09e2cbc37810e9982107c4ec6a2",
            "productName": "Römerquelle Emotion Zitrone Limette",
            "currentPrice": "€0,69",
            "originalPrice": "€1,39",
            "discount": "50% OFF",
            "unitMeasure": "0,75 L",
            "category": "DRINKS",
            "productUrl": "https://www.spar.at/produktwelt/roemerquelle-emotion-zitrone-limette-p2020005432123",
            "storeName": "SPAR"
        },
        {
            "productHash": "4c23b0c7ea9a420a164fb90010516269efa9f989",
            "productName": "Gösser Naturradler Zitrone",
            "currentPrice": "€0,99",
            "originalPrice": "€1,59",
            "discount": "38% OFF",
            "unitMeasure": "500 ML",
            "category": "DRINKS",
            "productUrl": "https://www.spar.at/produktwelt/goesser-naturradler-zitrone-p2020005436237",
            "storeName": "SPAR"
        },
        {
            "productHash": "472bb37d4a9cb0b90d4b7c8999146abdc14c11fb",
            "productName": "Stiegl Stieglitz Orangenlimonade 6x0,33l",
            "currentPrice": "€5,94",
            "originalPrice": "€N/A",
            "discount": "N/A",
            "unitMeasure": "1,98 L",
            "category": "DRINKS",
            "productUrl": "https://www.spar.at/produktwelt/stiegl-stieglitz-orangenlimonade-p2020005306387",
            "storeName": "SPAR"
        },
        {
            "productHash": "d0f2d5ae30ce1559c3caa9a8082e524c55c13a8b",
            "productName": "Stiegl Hell 20x0,5l",
            "currentPrice": "€15,80",
            "originalPrice": "€27,60",
            "discount": "43% OFF",
            "unitMeasure": "500 ML",
            "category": "DRINKS",
            "productUrl": "https://www.spar.at/produktwelt/stiegl-hell-p2020003298615",
            "storeName": "SPAR"
        },
        {
            "productHash": "21e625ea29c17d91b0eb0a98177a7d18704e98c3",
            "productName": "Henkell Sekt Halbtrocken",
            "currentPrice": "€1,99",
            "originalPrice": "€2,49",
            "discount": "20% OFF",
            "unitMeasure": "200 ML",
            "category": "DRINKS",
            "productUrl": "https://www.spar.at/produktwelt/henkell-sekt-halbtrocken-p5373222",
            "storeName": "SPAR"
        },
        {
            "productHash": "87c377f9e5b96a64ee4769089f095c98f51ddfd3",
            "productName": "Rauch Bravo ACE Multivit",
            "currentPrice": "€1,49",
            "originalPrice": "€1,99",
            "discount": "25% OFF",
            "unitMeasure": "1,5 L",
            "category": "DRINKS",
            "productUrl": "https://www.spar.at/produktwelt/rauch-bravo-ace-multivit-p2020005432246",
            "storeName": "SPAR"
        },
        {
            "productHash": "d7b22dd89b792ac546940a61918e0bbf303c20f1",
            "productName": "Rauch Happy Day Orangensaft",
            "currentPrice": "€2,32",
            "originalPrice": "€3,49",
            "discount": "34% OFF",
            "unitMeasure": "1 L",
            "category": "DRINKS",
            "productUrl": "https://www.spar.at/produktwelt/rauch-happy-day-orangensaft-p237048",
            "storeName": "SPAR"
        },
        {
            "productHash": "ac80ba8eb3d5828056947c2f3771c4c54d8b3490",
            "productName": "Teekanne Früchtegarten Früchteteemischung Hüttenzauber 20 Teebeutel",
            "currentPrice": "€2,59",
            "originalPrice": "€3,59",
            "discount": "28% OFF",
            "unitMeasure": "N/A",
            "category": "DRINKS",
            "productUrl": "https://www.spar.at/produktwelt/teekanne-fruechtegarten-fruechteteemischung-huettenzauber-20-teebeutel-p4536192",
            "storeName": "SPAR"
        },
        {
            "productHash": "613f2dea7572a02a19357b3de4fe3e547f4f28c1",
            "productName": "Allacher Cuvée Heideboden",
            "currentPrice": "€5,99",
            "originalPrice": "€11,99",
            "discount": "50% OFF",
            "unitMeasure": "0,75 L",
            "category": "DRINKS",
            "productUrl": "https://www.spar.at/produktwelt/allacher-cuvee-heideboden-2023-p2020003691706",
            "storeName": "SPAR"
        },
        {
            "productHash": "8490b6976f8ac838a74160ab030a597aec5aa9f3",
            "productName": "Porta Leone Prosecco Spumante Rose DOC",
            "currentPrice": "€5,99",
            "originalPrice": "€11,99",
            "discount": "50% OFF",
            "unitMeasure": "0,75 L",
            "category": "DRINKS",
            "productUrl": "https://www.spar.at/produktwelt/porta-leone-prosecco-spumante-rose-doc-p2020003654282",
            "storeName": "SPAR"
        },
        {
            "productHash": "f99b6b4526f4efb9e9152619cf10cfdce4266d9b",
            "productName": "Darbo Fruchtsirup Himbeer",
            "currentPrice": "€6,99",
            "originalPrice": "€N/A",
            "discount": "N/A",
            "unitMeasure": "0,5 L",
            "category": "DRINKS",
            "productUrl": "https://www.spar.at/produktwelt/darbo-fruchtsirup-himbeer-p409995",
            "storeName": "SPAR"
        },
        {
            "productHash": "223321b83b1f2f8c2b4424a9ae3f5bd6adfc0516",
            "productName": "Capri-Sun Mystic Dragon",
            "currentPrice": "€0,42",
            "originalPrice": "€0,85",
            "discount": "51% OFF",
            "unitMeasure": "200 ML",
            "category": "DRINKS",
            "productUrl": "https://www.spar.at/produktwelt/capri-sun-mystic-dragon-p2020005625518",
            "storeName": "SPAR"
        },
        {
            "productHash": "74c8b1839b7209df155d63a3e8a851c1c8586898",
            "productName": "Café Royal Caramel 10 Kapseln",
            "currentPrice": "€3,49",
            "originalPrice": "€4,49",
            "discount": "22% OFF",
            "unitMeasure": "10 STK",
            "category": "DRINKS",
            "productUrl": "https://www.spar.at/produktwelt/cafe-royal-caramel-10-kapseln-p5008254",
            "storeName": "SPAR"
        },
        {
            "productHash": "d467fed75c2688265310c7be33466b3bdeabfc06",
            "productName": "Faustino I Rioja Gran Reserva",
            "currentPrice": "€15,99",
            "originalPrice": "€17,99",
            "discount": "11% OFF",
            "unitMeasure": "0,75 L",
            "category": "DRINKS",
            "productUrl": "https://www.spar.at/produktwelt/faustino-i-rioja-gran-reserva-2016-p8183484",
            "storeName": "SPAR"
        },
        {
            "productHash": "4150d66d9e57dcaa5d4f8e5ab1f56c8985cdec16",
            "productName": "Tassimo Morning Café 21 Kapseln",
            "currentPrice": "€6,69",
            "originalPrice": "€7,99",
            "discount": "16% OFF",
            "unitMeasure": "21 STK",
            "category": "DRINKS",
            "productUrl": "https://www.spar.at/produktwelt/tassimo-morning-cafe-21-kapseln-p2020003109744",
            "storeName": "SPAR"
        },
        {
            "productHash": "6da421b32df00117336b770ce75a4942757cfb13",
            "productName": "Fanta Orange Orange 6x0,33l",
            "currentPrice": "€4,02",
            "originalPrice": "€6,99",
            "discount": "42% OFF",
            "unitMeasure": "1,98 L",
            "category": "DRINKS",
            "productUrl": "https://www.spar.at/produktwelt/fanta-orange-p2020005716612",
            "storeName": "SPAR"
        },
        {
            "productHash": "86ddf739816e53834ced1504f9896876723cc380",
            "productName": "Sprite Zitrone- Limette",
            "currentPrice": "€0,67",
            "originalPrice": "€1,35",
            "discount": "50% OFF",
            "unitMeasure": "330 ML",
            "category": "DRINKS",
            "productUrl": "https://www.spar.at/produktwelt/sprite-zitrone-limette-p2020005429949",
            "storeName": "SPAR"
        },
        {
            "productHash": "d7be2bce889cfa4e970d84cc7baf247324168188",
            "productName": "Henkell Sekt Rosé",
            "currentPrice": "€1,99",
            "originalPrice": "€2,49",
            "discount": "20% OFF",
            "unitMeasure": "200 ML",
            "category": "DRINKS",
            "productUrl": "https://www.spar.at/produktwelt/henkell-sekt-rose-p2020002864668",
            "storeName": "SPAR"
        },
        {
            "productHash": "84f4034d4400bcf6ebc3b1d061e6d54ddcd0adcb",
            "productName": "Capri-Sun Orange",
            "currentPrice": "€0,42",
            "originalPrice": "€0,85",
            "discount": "51% OFF",
            "unitMeasure": "200 ML",
            "category": "DRINKS",
            "productUrl": "https://www.spar.at/produktwelt/capri-sun-orange-p3288689",
            "storeName": "SPAR"
        },
        {
            "productHash": "18e1ee572273bf3ad3dbf82d4b15cd08be231ba6",
            "productName": "Mezzo Mix Cola-Orange",
            "currentPrice": "€1,99",
            "originalPrice": "€N/A",
            "discount": "N/A",
            "unitMeasure": "1 L",
            "category": "DRINKS",
            "productUrl": "https://www.spar.at/produktwelt/mezzo-mix-cola-kuesst-orange-p2020005706446",
            "storeName": "SPAR"
        },
        {
            "productHash": "2b8293ebfa687dc0024702afa3a22487e605ba4b",
            "productName": "Tchibo Barista Caffé Crema ganze Bohne",
            "currentPrice": "€18,99",
            "originalPrice": "€26,99",
            "discount": "30% OFF",
            "unitMeasure": "1 KG",
            "category": "DRINKS",
            "productUrl": "https://www.spar.at/produktwelt/tchibo-barista-caffe-crema-ganze-bohne-p5501014",
            "storeName": "SPAR"
        },
        {
            "productHash": "21dc559e780202b5a54aa8f2aa2e0872b24a318b",
            "productName": "Stiegl Goldbräu Goldbräu 6x0,5l",
            "currentPrice": "€4,74",
            "originalPrice": "€8,28",
            "discount": "43% OFF",
            "unitMeasure": "3.000 ML",
            "category": "DRINKS",
            "productUrl": "https://www.spar.at/produktwelt/stiegl-goldbraeu-6-x-0-5l-p7945175",
            "storeName": "SPAR"
        },
        {
            "productHash": "20af483e56d2cbdce0489f6afb25b392354b82e3",
            "productName": "Jacobs Monarch mild gemahlen",
            "currentPrice": "€9,99",
            "originalPrice": "€12,99",
            "discount": "23% OFF",
            "unitMeasure": "500 G",
            "category": "DRINKS",
            "productUrl": "https://www.spar.at/produktwelt/jacobs-monarch-mild-gemahlen-p5142125",
            "storeName": "SPAR"
        },
        {
            "productHash": "366d58bd15f137dcfb636eb646f50458d32d9736",
            "productName": "Starbucks No Added Sugar laktosefrei",
            "currentPrice": "€1,09",
            "originalPrice": "€2,19",
            "discount": "50% OFF",
            "unitMeasure": "220 ML",
            "category": "DRINKS",
            "productUrl": "https://www.spar.at/produktwelt/starbucks-no-added-sugar-laktosefrei-p2020001806331",
            "storeName": "SPAR"
        },
        {
            "productHash": "c177add0a7ac324bf3a084042f2cec91a77079ac",
            "productName": "Café Royal Espresso Forte 10 Kapseln",
            "currentPrice": "€3,49",
            "originalPrice": "€3,99",
            "discount": "13% OFF",
            "unitMeasure": "10 STK",
            "category": "DRINKS",
            "productUrl": "https://www.spar.at/produktwelt/cafe-royal-espresso-forte-10-kapseln-p5019816",
            "storeName": "SPAR"
        },
        {
            "productHash": "4b393d47facd06de5c14637fa03a0c512ac59690",
            "productName": "Rauch Yippy Party White Grape",
            "currentPrice": "€2,99",
            "originalPrice": "€3,49",
            "discount": "14% OFF",
            "unitMeasure": "0,75 L",
            "category": "DRINKS",
            "productUrl": "https://www.spar.at/produktwelt/rauch-yippy-party-white-grape-p6398439",
            "storeName": "SPAR"
        },
        {
            "productHash": "fc0ff4c3cd2f7fcc6ee599921bd0a970b48f6da5",
            "productName": "Tassimo Coffee Shop Selections Toffee Nut Latte 8 Kapseln",
            "currentPrice": "€6,69",
            "originalPrice": "€7,99",
            "discount": "16% OFF",
            "unitMeasure": "8 STK",
            "category": "DRINKS",
            "productUrl": "https://www.spar.at/produktwelt/tassimo-coffee-shop-selections-toffee-nut-latte-8-kapseln-p2020003081569",
            "storeName": "SPAR"
        },
        {
            "productHash": "029e33088b8b8fd3aa9d41eca435b77d913ca41c",
            "productName": "Mezzo Mix Cola-Orangenlimonade",
            "currentPrice": "€0,67",
            "originalPrice": "€1,35",
            "discount": "50% OFF",
            "unitMeasure": "330 ML",
            "category": "DRINKS",
            "productUrl": "https://www.spar.at/produktwelt/mezzo-mix-cola-orangenlimonade-p2020005428997",
            "storeName": "SPAR"
        },
        {
            "productHash": "7785bc1af97f561908869734c2608f570151594c",
            "productName": "Eduscho Gala Nr. 1 ganze Bohne",
            "currentPrice": "€7,99",
            "originalPrice": "€12,49",
            "discount": "36% OFF",
            "unitMeasure": "500 G",
            "category": "DRINKS",
            "productUrl": "https://www.spar.at/produktwelt/eduscho-gala-nr-1-ganze-bohne-p7495502",
            "storeName": "SPAR"
        },
        {
            "productHash": "dd9b664b73692ce3b60006e37a1f773d9b5eac7e",
            "productName": "Tassimo Jacobs Latte Macchiato Classico 8 Kapseln",
            "currentPrice": "€6,69",
            "originalPrice": "€7,99",
            "discount": "16% OFF",
            "unitMeasure": "8 STK",
            "category": "DRINKS",
            "productUrl": "https://www.spar.at/produktwelt/tassimo-jacobs-latte-macchiato-classico-8-kapseln-p6039745",
            "storeName": "SPAR"
        },
        {
            "productHash": "8929f98b66d4a4186c04432ec041b3f1181932a2",
            "productName": "Café Royal Espresso 10 Kapseln",
            "currentPrice": "€3,49",
            "originalPrice": "€3,99",
            "discount": "13% OFF",
            "unitMeasure": "10 STK",
            "category": "DRINKS",
            "productUrl": "https://www.spar.at/produktwelt/cafe-royal-espresso-10-kapseln-p7498176",
            "storeName": "SPAR"
        },
        {
            "productHash": "37741cd4b6d9eeb059fb9854135dfb64fb09ab9e",
            "productName": "Café Royal Decaffeinato Espresso",
            "currentPrice": "€3,49",
            "originalPrice": "€3,99",
            "discount": "13% OFF",
            "unitMeasure": "10 STK",
            "category": "DRINKS",
            "productUrl": "https://www.spar.at/produktwelt/cafe-royal-decaffeinato-espresso-p5020690",
            "storeName": "SPAR"
        },
        {
            "productHash": "3147cb9c957de300cc1e2327a06873589976b25f",
            "productName": "Gösser Naturradler Zitrone 0,0% Alkoholfrei",
            "currentPrice": "€0,69",
            "originalPrice": "€1,39",
            "discount": "50% OFF",
            "unitMeasure": "330 ML",
            "category": "DRINKS",
            "productUrl": "https://www.spar.at/produktwelt/goesser-radler-alkoholfrei-zitrone-p2020002840679",
            "storeName": "SPAR"
        },
        {
            "productHash": "fc8252c8c9b06c431f5aefd73b7a26065874ba10",
            "productName": "Keringer St. Laurent Commander",
            "currentPrice": "€9,99",
            "originalPrice": "€12,49",
            "discount": "20% OFF",
            "unitMeasure": "0,75 L",
            "category": "DRINKS",
            "productUrl": "https://www.spar.at/produktwelt/keringer-st-laurent-commander-2022-p2020002286224",
            "storeName": "SPAR"
        },
        {
            "productHash": "4b0f28273e7bf01cc73d9ba2d82a78063431a459",
            "productName": "Puntigamer Das \"bierige\" Bier 6x0,5l",
            "currentPrice": "€4,74",
            "originalPrice": "€8,58",
            "discount": "45% OFF",
            "unitMeasure": "3.000 ML",
            "category": "DRINKS",
            "productUrl": "https://www.spar.at/produktwelt/puntigamer-das-bierige-bier-6x0-5l-p2020005842885",
            "storeName": "SPAR"
        },
        {
            "productHash": "f7e08cbedafe81b4e74876a3133b439e13ed3f98",
            "productName": "Coca Cola Original",
            "currentPrice": "€1,99",
            "originalPrice": "€2,79",
            "discount": "29% OFF",
            "unitMeasure": "2 L",
            "category": "DRINKS",
            "productUrl": "https://www.spar.at/produktwelt/coca-cola-original-p2020005444423",
            "storeName": "SPAR"
        },
        {
            "productHash": "1faebd2bbdda5f7c5c5d69a34118fe484c9947b9",
            "productName": "Nescafé Dolce Gusto Lungo 16 Kapseln",
            "currentPrice": "€6,49",
            "originalPrice": "€7,49",
            "discount": "13% OFF",
            "unitMeasure": "16 STK",
            "category": "DRINKS",
            "productUrl": "https://www.spar.at/produktwelt/nescafe-dolce-gusto-kapseln-lungo-16-kapseln-p6263348",
            "storeName": "SPAR"
        },
        {
            "productHash": "dfcf67464abfb9a802e7c223634ac4fc1660a302",
            "productName": "Teekanne Früchtegarten Früchteteemischung Beerenzauber 20 Teebeutel",
            "currentPrice": "€2,59",
            "originalPrice": "€3,59",
            "discount": "28% OFF",
            "unitMeasure": "N/A",
            "category": "DRINKS",
            "productUrl": "https://www.spar.at/produktwelt/teekanne-fruechtegarten-fruechteteemischung-beerenzauber-20-teebeutel-p3242889",
            "storeName": "SPAR"
        },
        {
            "productHash": "27732bf48379d4ee24d0e044b07951e3e5da4c3d",
            "productName": "Eristoff Red Sloeberry Flavours & Vodka",
            "currentPrice": "€10,49",
            "originalPrice": "€13,49",
            "discount": "22% OFF",
            "unitMeasure": "0,7 L",
            "category": "DRINKS",
            "productUrl": "https://www.spar.at/produktwelt/eristoff-red-flavoured-vodka-p6984939",
            "storeName": "SPAR"
        },
        {
            "productHash": "a6cccd3b7b56dd961eaa2327d4bfed4fbb9f3ae7",
            "productName": "Rauch Yippy Pfirsich",
            "currentPrice": "€0,99",
            "originalPrice": "€1,35",
            "discount": "27% OFF",
            "unitMeasure": "330 ML",
            "category": "DRINKS",
            "productUrl": "https://www.spar.at/produktwelt/rauch-yippy-pfirsich-p2020005438231",
            "storeName": "SPAR"
        },
        {
            "productHash": "bd506e5f45eb18f8dc29360564123285e60c64f6",
            "productName": "Coca Cola Light",
            "currentPrice": "€1,99",
            "originalPrice": "€N/A",
            "discount": "N/A",
            "unitMeasure": "1 L",
            "category": "DRINKS",
            "productUrl": "https://www.spar.at/produktwelt/coca-cola-cola-light-p2020005442603",
            "storeName": "SPAR"
        },
        {
            "productHash": "412cd1dd95f3dfc3d7037dc34c394eff4e7cf4fa",
            "productName": "Freixenet Carta Rosé Dry",
            "currentPrice": "€4,99",
            "originalPrice": "€9,99",
            "discount": "50% OFF",
            "unitMeasure": "0,75 L",
            "category": "DRINKS",
            "productUrl": "https://www.spar.at/produktwelt/freixenet-carta-rose-dry-p2020002883553",
            "storeName": "SPAR"
        },
        {
            "productHash": "72ff58dc46844d9f1a6649b49d5d95d96fd82ae3",
            "productName": "Rauch Yippy Party Cherry",
            "currentPrice": "€2,99",
            "originalPrice": "€3,49",
            "discount": "14% OFF",
            "unitMeasure": "0,75 L",
            "category": "DRINKS",
            "productUrl": "https://www.spar.at/produktwelt/rauch-yippy-party-cherry-p6398309",
            "storeName": "SPAR"
        },
        {
            "productHash": "704dbba478321b7d57cbbd838f8ad6de73188c23",
            "productName": "Tassimo Milka 8 Kapseln",
            "currentPrice": "€6,69",
            "originalPrice": "€7,99",
            "discount": "16% OFF",
            "unitMeasure": "8 STK",
            "category": "DRINKS",
            "productUrl": "https://www.spar.at/produktwelt/tassimo-milka-8-kapseln-p6108830",
            "storeName": "SPAR"
        },
        {
            "productHash": "24b4a6060d56dc9ecc2cfc8958f7b253dc812a7e",
            "productName": "Capri-Sun Monster Alarm",
            "currentPrice": "€0,42",
            "originalPrice": "€0,85",
            "discount": "51% OFF",
            "unitMeasure": "200 ML",
            "category": "DRINKS",
            "productUrl": "https://www.spar.at/produktwelt/capri-sun-monster-alarm-p3809532",
            "storeName": "SPAR"
        },
        {
            "productHash": "c4c266767d449962d410a7f45026527d71922231",
            "productName": "Schloss Fels Blauer Zweigelt",
            "currentPrice": "€5,32",
            "originalPrice": "€7,99",
            "discount": "33% OFF",
            "unitMeasure": "0,75 L",
            "category": "DRINKS",
            "productUrl": "https://www.spar.at/produktwelt/schloss-fels-blauer-zweigelt-2022-p2020004951472",
            "storeName": "SPAR"
        },
        {
            "productHash": "316e226e1d898c984f3a1267d1dcd8b314957b82",
            "productName": "Teekanne Früchtegarten Früchteteemischung Love 20 Teebeutel",
            "currentPrice": "€2,59",
            "originalPrice": "€3,59",
            "discount": "28% OFF",
            "unitMeasure": "N/A",
            "category": "DRINKS",
            "productUrl": "https://www.spar.at/produktwelt/teekanne-fruechtegarten-fruechteteemischung-love-20-teebeutel-p2020001934560",
            "storeName": "SPAR"
        },
        {
            "productHash": "9e38b5ed4d5f50790e64c22fca044dac81038686",
            "productName": "Rauch Yippy Erdbeere",
            "currentPrice": "€0,99",
            "originalPrice": "€1,35",
            "discount": "27% OFF",
            "unitMeasure": "330 ML",
            "category": "DRINKS",
            "productUrl": "https://www.spar.at/produktwelt/rauch-yippy-erdbeere-p2020005436152",
            "storeName": "SPAR"
        },
        {
            "productHash": "03ccf30c803796bfc9c9ab3b5cf72fefb103e6f5",
            "productName": "Gösser Helles",
            "currentPrice": "€0,69",
            "originalPrice": "€1,39",
            "discount": "50% OFF",
            "unitMeasure": "330 ML",
            "category": "DRINKS",
            "productUrl": "https://www.spar.at/produktwelt/goesser-helles-12x0-33l-p2020004777898",
            "storeName": "SPAR"
        },
        {
            "productHash": "3c56c84c45ebbdbec34b4c18c20be323680a180b",
            "productName": "Don Simon Sangria Garcia",
            "currentPrice": "€1,99",
            "originalPrice": "€2,99",
            "discount": "33% OFF",
            "unitMeasure": "1,5 L",
            "category": "DRINKS",
            "productUrl": "https://www.spar.at/produktwelt/don-simon-sangria-garcia-p6798796",
            "storeName": "SPAR"
        },
        {
            "productHash": "54c03abb90d4a2f742329ece790ba12a650407a1",
            "productName": "Achs Paul Heideboden Reserve Rot BIO",
            "currentPrice": "€9,99",
            "originalPrice": "€11,99",
            "discount": "17% OFF",
            "unitMeasure": "0,75 L",
            "category": "DRINKS",
            "productUrl": "https://www.spar.at/produktwelt/achs-paul-heideboden-reserve-rot-bio-2023-p2020004767011",
            "storeName": "SPAR"
        },
        {
            "productHash": "12331191112971d68c3567b880e7f382a60c982a",
            "productName": "Spezi Cola-Mix Orange",
            "currentPrice": "€1,14",
            "originalPrice": "€2,29",
            "discount": "50% OFF",
            "unitMeasure": "1,5 L",
            "category": "DRINKS",
            "productUrl": "https://www.spar.at/produktwelt/spezi-cola-mix-orange-p2020005444782",
            "storeName": "SPAR"
        },
        {
            "productHash": "5e4bfe805b5bcc4cac5eb290e15b155f942d8ffc",
            "productName": "Tchibo Cafissimo Caffe Crema Mild 30 Kapseln",
            "currentPrice": "€9,99",
            "originalPrice": "€12,99",
            "discount": "23% OFF",
            "unitMeasure": "30 STK",
            "category": "DRINKS",
            "productUrl": "https://www.spar.at/produktwelt/tchibo-cafissimo-caffe-crema-mild-30-kapseln-p2020002517113",
            "storeName": "SPAR"
        },
        {
            "productHash": "10814e8831f042afdef2de946d0a68ce2ef62309",
            "productName": "Gösser Märzen",
            "currentPrice": "€0,99",
            "originalPrice": "€1,59",
            "discount": "38% OFF",
            "unitMeasure": "500 ML",
            "category": "DRINKS",
            "productUrl": "https://www.spar.at/produktwelt/goesser-maerzen-p2020005521117",
            "storeName": "SPAR"
        },
        {
            "productHash": "d459ac5e990364d6d277dee85e035abe5866d45e",
            "productName": "Café Royal Lungo Forte 10 Kapseln",
            "currentPrice": "€3,49",
            "originalPrice": "€3,99",
            "discount": "13% OFF",
            "unitMeasure": "10 STK",
            "category": "DRINKS",
            "productUrl": "https://www.spar.at/produktwelt/cafe-royal-lungo-forte-10-kapseln-p5020355",
            "storeName": "SPAR"
        },
        {
            "productHash": "68a2ef3669e80d5d275d96892a143c2c96f0f8a7",
            "productName": "Tassimo Jacobs Caffé Crema Intenso XL 16 Kapseln",
            "currentPrice": "€6,69",
            "originalPrice": "€7,99",
            "discount": "16% OFF",
            "unitMeasure": "16 STK",
            "category": "DRINKS",
            "productUrl": "https://www.spar.at/produktwelt/tassimo-jacobs-caffe-crema-intenso-xl-16-kapseln-p2020001533343",
            "storeName": "SPAR"
        },
        {
            "productHash": "3c11e4a398b69774f24524a57fd603a418bae8b6",
            "productName": "Artner Zweigelt Carnuntum DAC",
            "currentPrice": "€9,99",
            "originalPrice": "€N/A",
            "discount": "N/A",
            "unitMeasure": "0,75 L",
            "category": "DRINKS",
            "productUrl": "https://www.spar.at/produktwelt/artner-zweigelt-carnuntum-dac-2023-p6054960",
            "storeName": "SPAR"
        },
        {
            "productHash": "f43ca28a82e0a80275acde29eab6cd4abcdadfba",
            "productName": "Rauch Bravo Orange Mango",
            "currentPrice": "€1,49",
            "originalPrice": "€1,99",
            "discount": "25% OFF",
            "unitMeasure": "1,5 L",
            "category": "DRINKS",
            "productUrl": "https://www.spar.at/produktwelt/rauch-bravo-orange-mango-p2020005430440",
            "storeName": "SPAR"
        },
        {
            "productHash": "36e48fdda5b48698f0b5ecdb101707029ab5dccb",
            "productName": "Tassimo Jacobs Cappuccino Classico 8 Kapseln",
            "currentPrice": "€6,69",
            "originalPrice": "€7,99",
            "discount": "16% OFF",
            "unitMeasure": "8 STK",
            "category": "DRINKS",
            "productUrl": "https://www.spar.at/produktwelt/tassimo-jacobs-cappuccino-classico-8-kapseln-p7108525",
            "storeName": "SPAR"
        },
        {
            "productHash": "1146332ec8b40efc5708e10d1fbedb566faa4a80",
            "productName": "Bacardi Carta Blanca Rum",
            "currentPrice": "€13,99",
            "originalPrice": "€17,99",
            "discount": "22% OFF",
            "unitMeasure": "0,7 L",
            "category": "DRINKS",
            "productUrl": "https://www.spar.at/produktwelt/bacardi-carta-blanca-p7687358",
            "storeName": "SPAR"
        },
        {
            "productHash": "fcf5d3e528429fa6e5adf00a7b9beb4d65489dd7",
            "productName": "Julius Meinl Jubiläum ganze Bohne",
            "currentPrice": "€8,24",
            "originalPrice": "€16,49",
            "discount": "50% OFF",
            "unitMeasure": "500 G",
            "category": "DRINKS",
            "productUrl": "https://www.spar.at/produktwelt/julius-meinl-jubilaeum-ganze-bohne-p3548226",
            "storeName": "SPAR"
        },
        {
            "productHash": "b9946846c7d82f4f132f71b2cb00d05be887c2d6",
            "productName": "Teekanne Früchtegarten Früchteteemischung Pfirsich-Maracuja 20 Teebeutel",
            "currentPrice": "€2,59",
            "originalPrice": "€3,59",
            "discount": "28% OFF",
            "unitMeasure": "N/A",
            "category": "DRINKS",
            "productUrl": "https://www.spar.at/produktwelt/teekanne-fruechtegarten-fruechteteemischung-pfirsich-maracuja-20-teebeutel-p2020002584603",
            "storeName": "SPAR"
        },
        {
            "productHash": "e6381ac7ef2d27fab2fbe98fb2d98d638f0323c1",
            "productName": "Julius Meinl Jubiläum gemahlen",
            "currentPrice": "€8,24",
            "originalPrice": "€16,49",
            "discount": "50% OFF",
            "unitMeasure": "500 G",
            "category": "DRINKS",
            "productUrl": "https://www.spar.at/produktwelt/julius-meinl-jubilaeum-gemahlen-p7500190",
            "storeName": "SPAR"
        },
        {
            "productHash": "f5186025d8ce16284339f697a3e9006429bc2e1d",
            "productName": "Mionetto Prosecco Prestige Collection DOC Treviso vegan",
            "currentPrice": "€6,99",
            "originalPrice": "€13,99",
            "discount": "50% OFF",
            "unitMeasure": "0,75 L",
            "category": "DRINKS",
            "productUrl": "https://www.spar.at/produktwelt/mionetto-prosecco-prestige-collection-doc-treviso-vegan-p4764465",
            "storeName": "SPAR"
        },
        {
            "productHash": "e22b80e4c8d7d3d032eb576db31d2ee8c4b92864",
            "productName": "Tchibo Cafissimo Espresso elegant 30 Kapseln",
            "currentPrice": "€9,99",
            "originalPrice": "€12,99",
            "discount": "23% OFF",
            "unitMeasure": "30 STK",
            "category": "DRINKS",
            "productUrl": "https://www.spar.at/produktwelt/tchibo-cafissimo-p2020004538956",
            "storeName": "SPAR"
        },
        {
            "productHash": "dee0d8ea59c8f9f449ac22e88872985b2c26a398",
            "productName": "Römerquelle Emotion Ananas Zitrone",
            "currentPrice": "€0,69",
            "originalPrice": "€1,39",
            "discount": "50% OFF",
            "unitMeasure": "0,75 L",
            "category": "DRINKS",
            "productUrl": "https://www.spar.at/produktwelt/roemerquelle-emotion-ananas-zitrone-p2020005429086",
            "storeName": "SPAR"
        },
        {
            "productHash": "f1d6e993fdd70dc4590eb15a459a3dd054f0970d",
            "productName": "Stiegl Stieglitz Cola-Orangenlimonade 6x0,33l",
            "currentPrice": "€5,94",
            "originalPrice": "€N/A",
            "discount": "N/A",
            "unitMeasure": "1,98 L",
            "category": "DRINKS",
            "productUrl": "https://www.spar.at/produktwelt/stiegl-stieglitz-cola-orangenlimonade-p2020005306448",
            "storeName": "SPAR"
        },
        {
            "productHash": "f61fc68f842b30947012c86e3a2e13a968b51ebd",
            "productName": "Nescafé Dolce Gusto Nesquik 16 Kapseln",
            "currentPrice": "€6,49",
            "originalPrice": "€7,49",
            "discount": "13% OFF",
            "unitMeasure": "16 STK",
            "category": "DRINKS",
            "productUrl": "https://www.spar.at/produktwelt/nescafe-dolce-gusto-kapseln-nesquik-kakao-16-stueck-p7875427",
            "storeName": "SPAR"
        },
        {
            "productHash": "9e5551d6b985615a9ced81e9c0e789d80b5079f8",
            "productName": "Jacobs Monarch ganze Bohne",
            "currentPrice": "€9,99",
            "originalPrice": "€12,99",
            "discount": "23% OFF",
            "unitMeasure": "500 G",
            "category": "DRINKS",
            "productUrl": "https://www.spar.at/produktwelt/jacobs-monarch-ganze-bohne-p5664191",
            "storeName": "SPAR"
        },
        {
            "productHash": "3d3e1f79f18163ceb345dbb392f0c12db851c0bb",
            "productName": "Hillinger Hill Liter Zweigelt lieblich",
            "currentPrice": "€4,99",
            "originalPrice": "€6,99",
            "discount": "29% OFF",
            "unitMeasure": "1 L",
            "category": "DRINKS",
            "productUrl": "https://www.spar.at/produktwelt/hillinger-hill-liter-zweigelt-lieblich-p7951688",
            "storeName": "SPAR"
        },
        {
            "productHash": "e8a62355e0012ab3afd438c46544e1a10bbc4872",
            "productName": "Tchibo Cafissimo Caffe Crema vollmundig 30 Kapseln",
            "currentPrice": "€9,99",
            "originalPrice": "€12,99",
            "discount": "23% OFF",
            "unitMeasure": "30 STK",
            "category": "DRINKS",
            "productUrl": "https://www.spar.at/produktwelt/tchibo-cafissimo-caffe-crema-vollmundig-30-kapseln-p2020002516970",
            "storeName": "SPAR"
        },
        {
            "productHash": "7e3742e37fceb088618d0dcb132ffb90f4aab399",
            "productName": "Coca Cola Original 330ml Dose",
            "currentPrice": "€0,67",
            "originalPrice": "€1,35",
            "discount": "50% OFF",
            "unitMeasure": "330 ML",
            "category": "DRINKS",
            "productUrl": "https://www.spar.at/produktwelt/coca-cola-original-p2020005443488",
            "storeName": "SPAR"
        },
        {
            "productHash": "f443c44c67264888608376e097fd56399021e574",
            "productName": "true fruits smoothie triple yellow",
            "currentPrice": "€2,79",
            "originalPrice": "€4,49",
            "discount": "38% OFF",
            "unitMeasure": "0,75 L",
            "category": "DRINKS",
            "productUrl": "https://www.spar.at/produktwelt/true-fruits-smoothie-triple-yellow-p2020001692033",
            "storeName": "SPAR"
        },
        {
            "productHash": "0be0a016407f628aa3bf96c3685249999c7241cc",
            "productName": "Erzherzog Johann Klassik Weißburgunder",
            "currentPrice": "€6,49",
            "originalPrice": "€7,99",
            "discount": "19% OFF",
            "unitMeasure": "0,75 L",
            "category": "DRINKS",
            "productUrl": "https://www.spar.at/produktwelt/erzherzog-johann-klassik-weissburgunder-2023-p3093764",
            "storeName": "SPAR"
        },
        {
            "productHash": "0e07c247b00c35c2d62ba411a77e8caef5dafec4",
            "productName": "Henkell Sekt Trocken",
            "currentPrice": "€1,99",
            "originalPrice": "€2,49",
            "discount": "20% OFF",
            "unitMeasure": "200 ML",
            "category": "DRINKS",
            "productUrl": "https://www.spar.at/produktwelt/henkell-sekt-trocken-p355179",
            "storeName": "SPAR"
        },
        {
            "productHash": "e17d85e04066f41bb206f1ecde4a92137ea59a11",
            "productName": "Coca Cola Light",
            "currentPrice": "€1,99",
            "originalPrice": "€2,79",
            "discount": "29% OFF",
            "unitMeasure": "2 L",
            "category": "DRINKS",
            "productUrl": "https://www.spar.at/produktwelt/coca-cola-light-p2020005434844",
            "storeName": "SPAR"
        },
        {
            "productHash": "29161cbe95942048f5a344bcbb013f9256567436",
            "productName": "Coca Cola Vanilla 330ml Dose",
            "currentPrice": "€0,67",
            "originalPrice": "€1,35",
            "discount": "50% OFF",
            "unitMeasure": "330 ML",
            "category": "DRINKS",
            "productUrl": "https://www.spar.at/produktwelt/coca-cola-vanilla-p2020005432024",
            "storeName": "SPAR"
        },
        {
            "productHash": "b3d0d8f9cbc42f1ed408c3a0cf61841ac572ace4",
            "productName": "Römerquelle Emotion Lemongrass",
            "currentPrice": "€0,69",
            "originalPrice": "€1,39",
            "discount": "50% OFF",
            "unitMeasure": "0,75 L",
            "category": "DRINKS",
            "productUrl": "https://www.spar.at/produktwelt/roemerquelle-emotion-lemongrass-p2020005429109",
            "storeName": "SPAR"
        },
        {
            "productHash": "ec51290dd32e6a80bb6a55eef406821f684c5f8d",
            "productName": "Nescafé Dolce Gusto Dallmayr Prodomo 16 Kapseln",
            "currentPrice": "€6,49",
            "originalPrice": "€7,49",
            "discount": "13% OFF",
            "unitMeasure": "16 STK",
            "category": "DRINKS",
            "productUrl": "https://www.spar.at/produktwelt/nescafe-dolce-gusto-kapseln-dallmayr-prodomo-16-kapseln-p7997976",
            "storeName": "SPAR"
        },
        {
            "productHash": "90ee3c6c8b61dc9511a21f6d232f2e4022cff8ca",
            "productName": "Coca Cola Zero Zucker Zero Koffein",
            "currentPrice": "€1,99",
            "originalPrice": "€N/A",
            "discount": "N/A",
            "unitMeasure": "1 L",
            "category": "DRINKS",
            "productUrl": "https://www.spar.at/produktwelt/coca-cola-zero-zucker-zero-koffein-p2020005431836",
            "storeName": "SPAR"
        },
        {
            "productHash": "862d840b1ff5077cd2b7d2f188cab68124235e7a",
            "productName": "Jacobs Caffe Crema classico ganze Bohne",
            "currentPrice": "€19,99",
            "originalPrice": "€26,99",
            "discount": "26% OFF",
            "unitMeasure": "1 KG",
            "category": "DRINKS",
            "productUrl": "https://www.spar.at/produktwelt/jacobs-caffe-crema-classico-ganze-bohne-p7495656",
            "storeName": "SPAR"
        },
        {
            "productHash": "c5ecdffbb14b65aa5fc424b999ca1cf27539c97b",
            "productName": "Bacardi Razz Rum mit Himbeeraroma",
            "currentPrice": "€13,99",
            "originalPrice": "€17,99",
            "discount": "22% OFF",
            "unitMeasure": "0,7 L",
            "category": "DRINKS",
            "productUrl": "https://www.spar.at/produktwelt/bacardi-razz-p5616770",
            "storeName": "SPAR"
        },
        {
            "productHash": "44e195c82880c165ca51f8970caba31e5be982df",
            "productName": "Hakuma Passion Peach",
            "currentPrice": "€1,06",
            "originalPrice": "€1,59",
            "discount": "33% OFF",
            "unitMeasure": "235 ML",
            "category": "DRINKS",
            "productUrl": "https://www.spar.at/produktwelt/hakuma-passion-peach-p2020004307866",
            "storeName": "SPAR"
        },
        {
            "productHash": "2d817ca3945303813b85593472e8ea5adc827b84",
            "productName": "Eduscho Crema Elegante ganze Bohne",
            "currentPrice": "€15,99",
            "originalPrice": "€22,99",
            "discount": "30% OFF",
            "unitMeasure": "1 KG",
            "category": "DRINKS",
            "productUrl": "https://www.spar.at/produktwelt/eduscho-crema-elegante-ganze-bohne-p6448783",
            "storeName": "SPAR"
        },
        {
            "productHash": "8d9291910ce2d0b1a17377f4a49c0b65d695c30d",
            "productName": "Gösser Naturradler Zitrone",
            "currentPrice": "€0,69",
            "originalPrice": "€1,39",
            "discount": "50% OFF",
            "unitMeasure": "330 ML",
            "category": "DRINKS",
            "productUrl": "https://www.spar.at/produktwelt/goesser-naturradler-zitrone-p2020002471323",
            "storeName": "SPAR"
        },
        {
            "productHash": "f96fc42bc10452881fa7df1b96d31192728715f2",
            "productName": "Coca Cola Zero Zucker Zero Zucker",
            "currentPrice": "€1,99",
            "originalPrice": "€N/A",
            "discount": "N/A",
            "unitMeasure": "1 L",
            "category": "DRINKS",
            "productUrl": "https://www.spar.at/produktwelt/coca-cola-zero-p2020005442641",
            "storeName": "SPAR"
        },
        {
            "productHash": "a19d1cc9980756a8dc57d23da6e21a4f8d302a42",
            "productName": "Rabl Rudolf Grüner Veltliner Kamptal DAC Terrassen",
            "currentPrice": "€5,99",
            "originalPrice": "€7,99",
            "discount": "25% OFF",
            "unitMeasure": "0,75 L",
            "category": "DRINKS",
            "productUrl": "https://www.spar.at/produktwelt/rabl-rudolf-gruener-veltliner-kamptal-dac-terrassen-2024-p1191011",
            "storeName": "SPAR"
        },
        {
            "productHash": "3b16816134c7bc97197657dacee4c10018acc678",
            "productName": "Römerquelle Emotion Mango Acerola + Vitamin",
            "currentPrice": "€0,69",
            "originalPrice": "€1,39",
            "discount": "50% OFF",
            "unitMeasure": "0,75 L",
            "category": "DRINKS",
            "productUrl": "https://www.spar.at/produktwelt/roemerquelle-emotion-mango-acerola-mango-acerola-vitamin-p2020005433397",
            "storeName": "SPAR"
        },
        {
            "productHash": "8232cddf1d1b30d999397861c47228c4381b55de",
            "productName": "Rauch Nativa Green Tea Lemon",
            "currentPrice": "€1,19",
            "originalPrice": "€1,79",
            "discount": "34% OFF",
            "unitMeasure": "1 L",
            "category": "DRINKS",
            "productUrl": "https://www.spar.at/produktwelt/rauch-nativa-green-tea-lemon-p3201169",
            "storeName": "SPAR"
        },
        {
            "productHash": "5a4324f025300d1b1bcdf7c31f119115daf1c8f6",
            "productName": "Römerquelle Emotion Birne Melisse",
            "currentPrice": "€0,69",
            "originalPrice": "€1,39",
            "discount": "50% OFF",
            "unitMeasure": "0,75 L",
            "category": "DRINKS",
            "productUrl": "https://www.spar.at/produktwelt/roemerquelle-emotion-birne-melisse-p2020005429024",
            "storeName": "SPAR"
        },
        {
            "productHash": "54c47fb4ce39e6be9c234ac7e5c47721ca945185",
            "productName": "Stiegl Hell 6x0,5l",
            "currentPrice": "€4,74",
            "originalPrice": "€8,28",
            "discount": "43% OFF",
            "unitMeasure": "3.000 ML",
            "category": "DRINKS",
            "productUrl": "https://www.spar.at/produktwelt/stiegl-hell-6x0-5lt-p2020003299049",
            "storeName": "SPAR"
        },
        {
            "productHash": "5ee6e8d3397f5aa1d90e4cc4082ee3a3385d160c",
            "productName": "La Gioiosa Spumante Rosea",
            "currentPrice": "€4,49",
            "originalPrice": "€7,49",
            "discount": "40% OFF",
            "unitMeasure": "0,75 L",
            "category": "DRINKS",
            "productUrl": "https://www.spar.at/produktwelt/la-gioiosa-spumante-rosea-p6842901",
            "storeName": "SPAR"
        },
        {
            "productHash": "c43ef8b4db3d8f89fd24e2023becb466aa608983",
            "productName": "Café Royal Lungo 10 Kapseln",
            "currentPrice": "€3,49",
            "originalPrice": "€3,99",
            "discount": "13% OFF",
            "unitMeasure": "10 STK",
            "category": "DRINKS",
            "productUrl": "https://www.spar.at/produktwelt/cafe-royal-lungo-10-kapseln-p7498596",
            "storeName": "SPAR"
        },
        {
            "productHash": "7eb740baf03b74fb4ebf5532410af0117f2cf53d",
            "productName": "Scheiblhofer Cabernet Sauvignon",
            "currentPrice": "€7,99",
            "originalPrice": "€9,99",
            "discount": "20% OFF",
            "unitMeasure": "0,75 L",
            "category": "DRINKS",
            "productUrl": "https://www.spar.at/produktwelt/scheiblhofer-cabernet-sauvignon-2023-p1156324",
            "storeName": "SPAR"
        },
        {
            "productHash": "dea8969e9ef31f6c84f0b7793eb9291afef77fe3",
            "productName": "Teekanne Früchtegarten Früchteteemischung Omas Früchtegeheimnis 20 Teebeutel",
            "currentPrice": "€2,59",
            "originalPrice": "€3,59",
            "discount": "28% OFF",
            "unitMeasure": "N/A",
            "category": "DRINKS",
            "productUrl": "https://www.spar.at/produktwelt/teekanne-fruechtegarten-fruechteteemischung-omas-fruechtegeheimnis-20-teebeutel-p5510658",
            "storeName": "SPAR"
        },
        {
            "productHash": "75df60e4efee74d634d2f8880da6009df9be34b1",
            "productName": "Rauch Yippy Red Berries",
            "currentPrice": "€0,99",
            "originalPrice": "€1,35",
            "discount": "27% OFF",
            "unitMeasure": "330 ML",
            "category": "DRINKS",
            "productUrl": "https://www.spar.at/produktwelt/rauch-yippy-red-berries-p2020005429956",
            "storeName": "SPAR"
        },
        {
            "productHash": "cf4e2c48e8a61f55f4870185475d74a76ea31bfd",
            "productName": "Römerquelle Emotion Brombeere Limette",
            "currentPrice": "€0,69",
            "originalPrice": "€1,39",
            "discount": "50% OFF",
            "unitMeasure": "0,75 L",
            "category": "DRINKS",
            "productUrl": "https://www.spar.at/produktwelt/roemerquelle-emotion-brombeere-limette-p2020005429055",
            "storeName": "SPAR"
        },
        {
            "productHash": "b34db2f7075a66566f4d6a9444daa34fe790734c",
            "productName": "Römerquelle Emotion Apfel Acai",
            "currentPrice": "€0,69",
            "originalPrice": "€1,39",
            "discount": "50% OFF",
            "unitMeasure": "0,75 L",
            "category": "DRINKS",
            "productUrl": "https://www.spar.at/produktwelt/roemerquelle-emotion-apple-acai-apfel-acai-p2020005433373",
            "storeName": "SPAR"
        },
        {
            "productHash": "c02214b250bdac2fe18ac11d4d7fa2b0851ee603",
            "productName": "Eduscho Espresso intenso 10 Kapseln",
            "currentPrice": "€2,79",
            "originalPrice": "€4,49",
            "discount": "38% OFF",
            "unitMeasure": "10 STK",
            "category": "DRINKS",
            "productUrl": "https://www.spar.at/produktwelt/eduscho-espresso-intenso-10-kapseln-p2020002801038",
            "storeName": "SPAR"
        },
        {
            "productHash": "f77e88d6e53f48b76ddada16cba74816d7c4e879",
            "productName": "Starbucks Caramel Macchiato",
            "currentPrice": "€1,09",
            "originalPrice": "€2,19",
            "discount": "50% OFF",
            "unitMeasure": "220 ML",
            "category": "DRINKS",
            "productUrl": "https://www.spar.at/produktwelt/starbucks-caramel-macchiato-p1419283",
            "storeName": "SPAR"
        },
        {
            "productHash": "d9665d33354fad6c71891cd7c83349e96fd7f363",
            "productName": "Fanta Fanta Orange 4x0,33l",
            "currentPrice": "€2,68",
            "originalPrice": "€4,89",
            "discount": "45% OFF",
            "unitMeasure": "1,32 L",
            "category": "DRINKS",
            "productUrl": "https://www.spar.at/produktwelt/fanta-fanta-orange-4-x-0-33l-p2020005707382",
            "storeName": "SPAR"
        },
        {
            "productHash": "90b77d77a961886983c3f0e984a7d81eb4f9c277",
            "productName": "Antinori Villa Antinori Rosso Toscana IGT",
            "currentPrice": "€13,99",
            "originalPrice": "€16,49",
            "discount": "15% OFF",
            "unitMeasure": "0,75 L",
            "category": "DRINKS",
            "productUrl": "https://www.spar.at/produktwelt/antinori-villa-antinori-rosso-toscana-igt-2022-p3012659",
            "storeName": "SPAR"
        },
        {
            "productHash": "a3279744aec8c6d234e0b4720fac4d4248cdc8d4",
            "productName": "Coca Cola Zero Zucker Lemon",
            "currentPrice": "€1,99",
            "originalPrice": "€N/A",
            "discount": "N/A",
            "unitMeasure": "1 L",
            "category": "DRINKS",
            "productUrl": "https://www.spar.at/produktwelt/coca-cola-lemon-zero-p2020005445253",
            "storeName": "SPAR"
        },
        {
            "productHash": "fed219418638654511ae75dbb8754bfe64154a27",
            "productName": "Coca Cola Zero Sugar Lemon 330ml Dose",
            "currentPrice": "€0,67",
            "originalPrice": "€1,35",
            "discount": "50% OFF",
            "unitMeasure": "330 ML",
            "category": "DRINKS",
            "productUrl": "https://www.spar.at/produktwelt/coca-cola-lemon-zero-p2020005432000",
            "storeName": "SPAR"
        },
        {
            "productHash": "8b70e305683e285ea765451cc2013133c462483a",
            "productName": "Römerquelle Mineralwasser still",
            "currentPrice": "€0,75",
            "originalPrice": "€0,95",
            "discount": "21% OFF",
            "unitMeasure": "1,5 L",
            "category": "DRINKS",
            "productUrl": "https://www.spar.at/produktwelt/roemerquelle-mineralwasser-still-p2020005433410",
            "storeName": "SPAR"
        },
        {
            "productHash": "072e49df5af7c38e3c86b58518361a17ac706b4f",
            "productName": "Nescafé Dolce Gusto Dallmayr Crema d'Oro 16 Kapseln",
            "currentPrice": "€6,49",
            "originalPrice": "€7,49",
            "discount": "13% OFF",
            "unitMeasure": "16 STK",
            "category": "DRINKS",
            "productUrl": "https://www.spar.at/produktwelt/nescafe-dolce-gusto-kapseln-dallmayr-crema-d-oro-16-stueck-p1548655",
            "storeName": "SPAR"
        },
        {
            "productHash": "851a69676bad047da5185a8898ae3b0480cfadf3",
            "productName": "Coca Cola Light",
            "currentPrice": "€0,67",
            "originalPrice": "€1,35",
            "discount": "50% OFF",
            "unitMeasure": "330 ML",
            "category": "DRINKS",
            "productUrl": "https://www.spar.at/produktwelt/coca-cola-light-p2020005429062",
            "storeName": "SPAR"
        },
        {
            "productHash": "3cb69b67aa2286d2f9c8f6f5d1f860aa84f88e04",
            "productName": "Nescafé Dolce Gusto Grande 16 Kapseln",
            "currentPrice": "€6,49",
            "originalPrice": "€7,49",
            "discount": "13% OFF",
            "unitMeasure": "16 STK",
            "category": "DRINKS",
            "productUrl": "https://www.spar.at/produktwelt/nescafe-dolce-gusto-kapseln-grande-16-stueck-p7103780",
            "storeName": "SPAR"
        },
        {
            "productHash": "10c0c22f15c73c3d23fffe76a5a2de52e360f5c7",
            "productName": "Reisetbauer Organic Gin Rose",
            "currentPrice": "€25,99",
            "originalPrice": "€28,99",
            "discount": "10% OFF",
            "unitMeasure": "0,5 L",
            "category": "DRINKS",
            "productUrl": "https://www.spar.at/produktwelt/reisetbauer-organic-gin-rose-p2020003083617",
            "storeName": "SPAR"
        },
        {
            "productHash": "52c2fb1df2b01fa4d7878c6697dec69b897031f1",
            "productName": "Teekanne Früchtegarten Früchteteemischung Blutorange 20 Teebeutel",
            "currentPrice": "€2,59",
            "originalPrice": "€3,59",
            "discount": "28% OFF",
            "unitMeasure": "N/A",
            "category": "DRINKS",
            "productUrl": "https://www.spar.at/produktwelt/teekanne-fruechtegarten-fruechteteemischung-blutorange-20-teebeutel-p4140979",
            "storeName": "SPAR"
        },
        {
            "productHash": "eefb951aa39d280003999575cbd2688cfd8e1a17",
            "productName": "Coca Cola Zero Sugar Lime",
            "currentPrice": "€0,67",
            "originalPrice": "€1,35",
            "discount": "50% OFF",
            "unitMeasure": "330 ML",
            "category": "DRINKS",
            "productUrl": "https://www.spar.at/produktwelt/coca-cola-p2020005643864",
            "storeName": "SPAR"
        },
        {
            "productHash": "51f8184fde848dd5fbb156942aced463ef216373",
            "productName": "Gösser Naturgold alkoholfrei",
            "currentPrice": "€0,99",
            "originalPrice": "€1,49",
            "discount": "34% OFF",
            "unitMeasure": "500 ML",
            "category": "DRINKS",
            "productUrl": "https://www.spar.at/produktwelt/goesser-naturgold-alkoholfrei-p2020005429758",
            "storeName": "SPAR"
        },
        {
            "productHash": "90b90082bb589a255dce149bb16569b58af91ed6",
            "productName": "La Gioiosa Frizzante Bianco",
            "currentPrice": "€2,49",
            "originalPrice": "€2,99",
            "discount": "17% OFF",
            "unitMeasure": "0,75 L",
            "category": "DRINKS",
            "productUrl": "https://www.spar.at/produktwelt/la-gioiosa-frizzante-bianco-p4968573",
            "storeName": "SPAR"
        },
        {
            "productHash": "1d4ca9bcb6f82da37fc49a62cfcedcd290305058",
            "productName": "Henkell Sekt Blanc de Blancs",
            "currentPrice": "€1,99",
            "originalPrice": "€2,49",
            "discount": "20% OFF",
            "unitMeasure": "200 ML",
            "category": "DRINKS",
            "productUrl": "https://www.spar.at/produktwelt/henkell-sekt-blanc-de-blancs-p2020002594930",
            "storeName": "SPAR"
        },
        {
            "productHash": "5789ab2e16d1341122bf1e764af3521570c197eb",
            "productName": "Nescafé Gold Löskaffee Cap Colombie",
            "currentPrice": "€9,99",
            "originalPrice": "€15,49",
            "discount": "36% OFF",
            "unitMeasure": "200 G",
            "category": "DRINKS",
            "productUrl": "https://www.spar.at/produktwelt/nescafe-gold-loeskaffee-cap-colombie-p352062",
            "storeName": "SPAR"
        },
        {
            "productHash": "a244fa4418cfb372688a37267b6d6e7cfeeb12a4",
            "productName": "Rauch Yippy Kirsche",
            "currentPrice": "€0,99",
            "originalPrice": "€1,35",
            "discount": "27% OFF",
            "unitMeasure": "330 ML",
            "category": "DRINKS",
            "productUrl": "https://www.spar.at/produktwelt/rauch-yippy-kirsche-p2020005435193",
            "storeName": "SPAR"
        }
    ]
}